2317 3047
265 282 383 319 eodem
406 282 508 319 modo
533 283 634 320 alteri
657 282 871 319 substantivo
895 285 1093 333 appositus,
1126 299 1201 323 nam
1232 288 1453 335 grammatica
1485 300 1553 326 non
1587 295 1682 327 curat
1712 291 1780 327 nisi
1807 304 1879 328 eam
1902 293 2080 340 rationem,

264 351 328 388 qua
350 338 449 389 plura
472 342 576 376 verba
598 340 690 376 inter
715 351 755 376 se
780 341 1046 389 coniunguntur,
1073 356 1157 392 quae
1184 345 1213 381 si
1239 343 1355 380 eadem
1382 349 1436 381 est
1459 346 1495 382 in
1521 347 1649 384 duabus
1669 349 1996 397 consociationibus,
2021 346 2083 387 eo-⁴

262 396 337 433 dem
362 401 533 445 uti-amque
556 397 681 443 refert,
706 410 777 434 non
801 409 924 434 curans
949 398 1108 448 logicam,
1144 402 1209 437 etsi
1234 401 1414 438 secundum
1440 402 1540 449 hanc,
1574 412 1745 454 utramque
1777 407 1962 453 notionem,
1995 420 2079 456 quae

261 455 438 503 utrobique
462 453 625 501 efficitur,
651 454 808 490 diversae
832 460 974 492 naturae
998 463 1097 505 atque
1122 458 1262 494 ambitus
1289 471 1369 495 esse
1394 465 1568 510 appareat.

356 512 519 548 Dicamus
543 512 651 561 igitur
672 511 813 561 primum
839 512 882 549 de
906 514 1023 562 priore
1048 515 1192 551 ratione.
1219 516 1331 552 Plaut.
1357 516 1483 553 Bacch.
1509 517 1558 564 ΙΙ,
1582 521 1619 565 8,
1645 522 1712 556 74:
1739 521 2078 569 Megalobyzifilius,

262 570 295 606 h.
320 582 350 605 e.
373 568 641 619 Megalohyzus,
666 580 698 606 v.
725 568 842 606 adnot.
868 569 1008 607 Gruteri
1039 571 1081 607 ad
1114 572 1147 608 h.
1172 572 1194 611 Ι.
1228 572 1376 619 (Bernh.
1410 587 1442 623 p.
1478 575 1537 612 51.
1571 576 1694 613 affert:
1727 578 1861 620 παῖδες
1886 575 2077 626 Ἑλλήνων,

255 622 489 674 Ἀσκληπιοῦ
519 625 674 668 παῖδας,
708 632 817 675 negat
850 632 961 664 tamen
994 628 1107 665 adnot.
1132 632 1190 666 85.
1215 642 1354 666 numero
1388 631 1556 679 singulari
1588 633 1653 668 hoc
1685 635 1759 670 fieri
1785 634 1869 683 apud
1895 634 2079 679 Graecos.)

256 683 447 732 Hegdysi
469 683 542 720 sive
565 683 790 731 Megalobysi
812 696 929 721 omnes
955 685 1210 735 appellabantur
1235 686 1433 724 sacerdotes
1459 687 1594 725 Dianae
1615 690 1799 741 Ephesiae.
1845 691 1979 729 Deinde
2003 703 2078 729 voc.

256 753 313 778 rec
335 753 403 792 per
426 740 755 778 circumlocutionem
779 741 921 779 Plautus
947 755 1029 779 usus
1056 750 1129 790 est,
1160 751 1194 780 ut
1220 744 1345 781 Graeci
1368 746 1492 793 χρῆμα
1518 746 1664 791 (Bernh.
1690 762 1723 798 p.
1748 752 1826 796 52),
1851 750 1958 786 Truc.
1984 750 2014 796 Ι,
2039 752 2075 795 2,

253 800 322 835 80:
347 801 622 846 rem—amoris,
647 799 681 836 h.
709 811 739 836 e.
765 811 923 836 amorem.
950 801 1072 850 Amph.
1098 801 1146 847 ΙΙ,
1171 804 1207 848 2,
1235 805 1266 839 l.
1299 815 1354 839 res
1387 805 1618 851 voluptatum.
1663 805 1834 852 (Ruddim.
1863 821 1895 857 p.
1920 809 2017 853 872),
2041 807 2074 843 h.

256 870 288 895 e.
314 860 524 906 voluptates.
552 856 664 894 Truc.
689 857 736 902 ll,
763 860 796 903 1,
820 859 864 893 4:
891 860 932 894 ob
957 862 1126 895 amoris
1145 862 1400 906 prandium.
1424 861 1568 897 Lamh.:
1595 864 1618 899 i.
1645 875 1675 899 e.
1696 865 1738 899 ob
1755 877 1913 900 amorem.
1940 865 2073 900 Weis.:

254 920 397 966 propter
419 916 606 965 impensas,
632 926 715 963 quas
740 914 796 951 ille
821 916 948 952 amoris
974 927 1078 952 causa
1103 917 1197 954 fecit.
1221 917 1331 954 Poen.
1360 918 1388 953 1.
1415 920 1448 961 2,
1475 922 1513 954 l:
1540 920 1713 967 Negoti
1733 923 1973 969 sibiquivolet
1992 925 2073 958 vim

250 986 395 1022 parare,
419 972 476 1008 uhi
499 985 533 1010 v.
558 975 629 1009 vim
653 977 756 1021 auget
777 974 949 1009 notionem
974 986 1006 1008 v.
1031 977 1156 1020 negoti
1177 975 1274 1022 eique
1307 976 1373 1009 vim
1406 975 1509 1011 addit.
1548 975 1625 1020 Quo
1660 979 1831 1026 pertinent
1856 979 2071 1027 etiamvpleo-

253 1031 363 1068 nasmi
386 1028 540 1066 nonnulli
564 1028 712 1075 (similes
738 1028 826 1079 apud
850 1028 1005 1066 Graecos
1031 1030 1108 1067 vide
1134 1044 1189 1081 ap.
1213 1031 1340 1068 Bernh.
1366 1044 1399 1082 p.
1424 1033 1503 1078 54),
1536 1038 1571 1069 ut
1604 1033 1711 1071 Stich.
1744 1034 1774 1081 Ι,
1807 1038 1843 1081 2,
1873 1038 1938 1071 69:
1976 1038 2071 1072 Ede-

249 1092 312 1137 pol
333 1101 392 1125 nos
414 1089 532 1135 lepide
555 1090 694 1123 tentavi
715 1093 983 1135 vostrumque
1005 1091 1237 1135 ingenium
1260 1092 1439 1137 ingeni,
1477 1089 1519 1126 ad
1544 1103 1575 1139 q.
1600 1092 1622 1128 1.
1649 1091 1799 1128 Gruter.:
1825 1093 1849 1128 i.
1871 1105 1902 1129 e.
1930 1093 2071 1129 animum

253 1152 287 1185 et
312 1158 447 1184 sensum
479 1149 644 1191 vestrum,
679 1145 765 1182 sicut
797 1144 882 1181 alias
917 1147 1096 1193 ingenium
1127 1159 1188 1196 pro
1222 1154 1343 1183 natura
1375 1153 1411 1183 et
1440 1148 1590 1184 moribus
1623 1149 1764 1185 alicuius
1797 1151 1849 1186 rei
1881 1156 2070 1200 usurpatur.

252 1205 341 1243 cist.
360 1204 408 1250 11,
433 1207 469 1251 1,
489 1204 532 1239 5:
558 1204 618 1239 lta
640 1204 794 1239 nubilam
817 1209 1005 1239 mentem
1029 1207 1171 1240 animi
1192 1206 1311 1240 habeo.
1337 1206 1449 1250 (mens
1475 1210 1530 1241 est
1552 1217 1634 1255 pars
1660 1208 1797 1254 animi).
1823 1206 1922 1257 Epid.
1946 1207 2008 1254 lv,
2034 1210 2068 1254 1,

250 1267 291 1301 4:
316 1265 526 1310 Paupertas,
549 1273 657 1309 pavor
681 1263 826 1297 territat
851 1267 1041 1296 mentem
1065 1264 1213 1298 animi.
1247 1261 1412 1298 Similiter
1444 1262 1570 1299 Bacch.
1598 1263 1664 1309 ΙΙΙ,
1696 1266 1733 1310 4,
1760 1266 1823 1299 11:
1866 1265 1939 1300 Sed
1967 1267 2070 1301 satin'

251 1334 317 1368 ego
341 1322 538 1356 animum
560 1324 708 1354 mente
729 1320 911 1353 sincera
933 1330 1029 1364 gero.

345 1376 416 1414 Sed
440 1383 655 1413 transeamus
681 1374 724 1411 ad
750 1374 889 1411 alterum
915 1387 1036 1424 genus.
1062 1375 1174 1412 Plaut.
1198 1375 1275 1414 Mil.
1289 1375 1335 1422 V,
1357 1378 1424 1417 41:
1451 1380 1602 1413 scelus
1625 1381 1713 1414 viri
1736 1380 1942 1414 Palaestrio.
1967 1378 2066 1414 Pers.

246 1436 294 1480 11,
318 1438 355 1482 2,
381 1437 445 1470 1⁰:
473 1435 632 1470 Scelus
655 1439 696 1469 tu
716 1436 852 1480 pueri
873 1435 910 1468 ἐ.
946 1432 1055 1468 Truc.
1082 1435 1124 1478 ll,
1148 1436 1185 1479 7,
1209 1436 1275 1470 60:
1302 1437 1421 1477 etiam,
1446 1436 1596 1470 scelus
1619 1438 1718 1478 viri,
1742 1437 1936 1471 minitare?
1961 1433 2062 1471 Cure.

246 1493 293 1540 V,
316 1495 353 1540 2,
381 1495 447 1529 16:
472 1493 588 1527 scelus
610 1493 685 1529 viri.
710 1491 813 1527 Pers.
836 1490 883 1535 11,
908 1492 942 1534 2,
967 1492 1032 1526 22:
1059 1492 1262 1538 Paegnium,
1288 1493 1488 1528 deliciae
1507 1495 1656 1538 pueri.
1691 1491 1740 1528 lh.
1766 1491 1812 1538 V,
1838 1494 1873 1538 2,
1894 1494 1959 1527 δῖε
1981 1496 2066 1539 sru-

243 1558 337 1587 stum
355 1552 470 1597 pueri.
496 1548 707 1586 Menaechm.
733 1547 779 1594 V,
806 1551 840 1595 1,
864 1550 905 1584 9:
921 1550 1106 1596 flagitium
1128 1549 1284 1594 bominis,
1310 1549 1388 1584 item
1415 1550 1473 1594 ΙΙΙ,
1497 1550 1534 1595 2,
1558 1550 1616 1585 24.
1644 1547 1727 1585 Cas.
1753 1548 1800 1595 ll,
1828 1552 1861 1596 1,
1884 1551 1925 1585 8:
1953 1552 2063 1597 flagi·

244 1612 334 1645 tium
357 1609 451 1645 illud
473 1608 627 1643 hominis.
653 1606 731 1644 Aul.
755 1605 819 1652 lv,
844 1609 880 1653 8,
905 1607 947 1642 8:
974 1608 1146 1642 homirnum
1170 1609 1421 1650 mendicabula,
1448 1607 1479 1643 h.
1502 1620 1532 1643 e.
1558 1609 1742 1644 mendicos.
1769 1607 1880 1642 Poen.
1902 1609 1927 1652 l,
1950 1609 1986 1652 2,
2003 1610 2062 1643 61:

244 1668 441 1702 Monstrum
463 1666 703 1708 nmlieriuw)
728 1662 774 1709 V,
797 1665 834 1709 5,
859 1665 901 1698 ὃς
926 1664 1048 1698 halles
1068 1666 1142 1699 viri.

339 1722 576 1760 Transeamus
602 1722 645 1758 ad
670 1721 815 1758 ultimam
841 1720 1020 1767 rationem,
1046 1733 1109 1769 qua
1135 1722 1379 1758 substantivum
1405 1727 1439 1757 et
1464 1721 1551 1757 aliud
1580 1721 1773 1757 vocabulum
1800 1721 1888 1756 inter
1920 1734 1957 1757 se
1982 1734 2061 1758 con-

242 1784 356 1818 iuncta
380 1782 416 1816 in
441 1792 539 1816 unam
562 1781 733 1816 notionem
760 1778 966 1813 coalescunt.
1018 1777 1167 1821 Quorum
1201 1779 1495 1828 simplicissimum,
1527 1778 1614 1826 quod
1646 1790 1749 1826 supra
1780 1777 1965 1826 posuimus,
1999 1778 2062 1814 hoc

242 1844 330 1884 erat,
364 1838 396 1874 si
431 1837 675 1873 substantivum
709 1848 781 1871 cum
815 1835 966 1884 simplice
998 1837 1183 1884 negatione
1221 1841 1275 1872 est
1299 1837 1522 1872 coniunctum.
1577 1835 1668 1876 Tale
1700 1841 1755 1870 est
1786 1834 1873 1882 apud
1906 1834 2060 1871 Plautum

241 1897 342 1931 Asin.
368 1895 434 1935 lv.
459 1897 494 1939 1,
518 1895 586 1928 68:
621 1894 722 1928 Haec
744 1898 828 1928 eunt
858 1904 944 1927 non
975 1904 1135 1939 nugae.
1161 1892 1309 1939 Deinde,
1336 1893 1366 1928 si
1397 1892 1471 1928 sola
1503 1892 1726 1942 praepositio,
1760 1889 1846 1926 unde
1877 1890 2002 1941 pendet
2032 1892 2059 1927 i-

241 1965 339 2004 psum
365 1951 625 1997 substantivum,
651 1951 703 1987 cui
729 1956 785 1988 est
809 1949 933 1996 addita,
961 1955 996 1986 ut
1019 1949 1122 1986 Pers.
1142 1949 1204 1996 IV,
1225 1954 1259 1997 l,
1284 1955 1326 1988 4:
1355 1952 1415 1987 Sic
1438 1955 1472 1987 ei
1490 1952 1685 1997 procedunt
1705 1955 1812 1996 poet
1832 1952 2060 1996 principia

242 2014 391 2058 denique
416 2010 467 2053 (h.
493 2021 523 2045 e.
550 2020 606 2054 ea,
631 2009 715 2056 'quae
740 2013 819 2043 sunt
842 2014 922 2057 post
953 2007 1147 2058 principia).
1180 2008 1308 2054 Porro,
1342 2008 1372 2044 si
1406 2008 1649 2044 substantivum
1689 2018 1761 2043 cum
1795 2006 2060 2055 praepositione.

242 2068 333 2105 Tale
358 2072 413 2105 est
437 2066 525 2118 apud
548 2066 714 2103 Naevium
745 2065 903 2115 Lycurg.
937 2065 981 2102 fr.
1009 2068 1071 2102 16:
1124 2067 1231 2103 Sine
1246 2070 1377 2113 ferro
1407 2079 1520 2114 pecua
1544 2062 1747 2103 manibus
1779 2069 1820 2100 ut
1844 2065 1893 2100 ad
1915 2071 2059 2102 mortem

239 2133 372 2170 meant,
397 2125 440 2161 ad
471 2138 502 2174 q.
527 2125 550 2161 l.
582 2124 759 2173 Bergkius
791 2124 825 2160 in
857 2136 942 2160 mus.
969 2123 1082 2160 Rhen.
1118 2124 1184 2170 ΠΙ,
1209 2137 1242 2174 p.
1267 2126 1333 2161 75:
1368 2123 1679 2172 „Coniungendum
1714 2127 1768 2158 est
1799 2123 1955 2158 manibus
1985 2126 2059 2159 sitne

236 2188 345 2232 ferro,
370 2185 395 2221 i.
422 2196 452 2220 e.
475 2181 605 2233 χερσὶν
629 2177 863 2231 ἀσιδήροις.“
890 2180 979 2218 Cato
1005 2181 1119 2219 R.·R.
1146 2196 1176 2219 c.
1200 2184 1242 2219 5:
1276 2184 1485 2219 siciliaenenta
1509 2184 1554 2218 de
1572 2188 1691 2229 prato.
1720 2179 1761 2216 C.
1787 2181 1850 2216 17:
1875 2193 1990 2217 semen
2014 2183 2066 2217 de

237 2243 574 2290 aeprecso,depino.
602 2239 644 2276 C.
659 2242 745 2276 1⁰8:
778 2240 856 2275 Vini
877 2242 1133 2276 sestarium
1152 2243 1206 2276 de
1230 2254 1279 2276 eo
1302 2243 1423 2285 vino,
1448 2242 1540 2287 quod
1555 2240 1820 2285 volosesperiri.
1845 2236 1989 2273 Dubium
2005 2243 2058 2274 est

238 2299 430 2348 exemplum
455 2311 484 2334 c.
511 2300 575 2334 42:
602 2300 754 2334 alterum
777 2299 901 2333 librum
925 2309 1002 2332 cum
1025 2310 1192 2343 gemma
1216 2300 1269 2334 de
1293 2310 1341 2333 eo
1356 2300 1385 2342 s
1388 2300 1403 2332 i
1409 2310 1427 2332 c
1436 2310 1467 2340 o,
1494 2298 1586 2344 quod
1608 2307 1720 2344 genus
1743 2305 1821 2330 esse
1843 2296 1948 2338 voles,
1983 2298 2054 2331 esi-

237 2361 336 2403 mito,
362 2356 515 2405 quoniam
540 2355 751 2405 praepositio
777 2356 822 2391 de
854 2355 953 2390 etiam
979 2367 1023 2390 ex
1049 2356 1152 2391 verbo
1179 2359 1322 2392 eximito
1352 2355 1500 2404 pendere
1532 2360 1656 2403 potest.
1705 2351 1808 2387 Ennii
1831 2351 2053 2401 Epicharmus

235 2428 269 2465 p.
294 2416 375 2451 15⁰.
403 2413 554 2462 Egger.:
581 2415 705 2460 quique
728 2418 852 2448 ventus
877 2419 929 2447 est
954 2418 991 2447 et
1015 2414 1120 2448 nubes
1152 2420 1187 2449 et
1212 2414 1318 2462 imber
1346 2418 1484 2459 postea,
1511 2414 1631 2459 Atque
1655 2422 1699 2446 es
1724 2409 1861 2445 imbre
1875 2412 2053 2458 frigus,

294 2553 341 2587 ³⁰)
362 2550 447 2585 Vulg.
469 2548 516 2576 En
535 2556 571 2575 m.
592 2556 629 2574 m.
652 2548 697 2583 Θρ
718 2546 758 2575 Et
777 2556 813 2575 m.
836 2549 884 2584 Ap
904 2555 957 2576 nec
976 2557 1010 2576 en
1039 2556 1093 2576 nec
1120 2551 1147 2576 et
1175 2547 1278 2582 habet,
1310 2547 1385 2583 quod
1406 2545 1594 2576 abiiciendum
1622 2548 1666 2575 est
1685 2551 1749 2573 cum
1770 2542 1899 2574 Beckcro
1921 2543 1958 2573 de
1976 2551 2051 2573 com.

365 2598 450 2627 Rom.
470 2595 528 2625 fab.
549 2604 576 2632 p.
596 2597 625 2622 7.
