2317 3047
547 317 865 357 Hir-anditione,
890 316 1187 358 monedulam..
1211 317 1553 361 passerculum,
1578 319 1876 363 patillunffl')

544 385 574 407 v.
603 373 684 409 188.
710 384 782 420 sq..
773 385 782 393 ·
808 371 882 408 LE.
933 372 1014 418 Ego
1038 378 1178 417 caput
1202 378 1349 419 argento
1371 374 1427 415 sut·
1449 373 1527 408 lauto
1550 375 1652 410 hodie
1676 377 1893 420 reperiunda.
1898 376 1957 420 ²⁸)

369 431 433 467 Ll
459 432 539 475 Ego
561 440 627 475 pe·
646 432 713 475 fici.

272 487 384 526 Stich.
409 487 452 533 V,
487 488 526 532 ὖ,
553 488 611 525 14.
643 488 837 523 suavitudo.
865 485 973 522 Truc.
999 486 1047 532 ll,
1072 491 1107 533 4,
1133 490 1173 523 2;
1199 499 1274 522 ver
1306 488 1395 529 vide,
1434 486 1476 521 de
1509 494 1672 524 vernante
1697 490 1792 537 quasi
1818 490 1968 524 muliere.
1994 488 2090 524 Men.

273 545 322 591 11,
345 548 380 590 2,
403 545 463 580 55
499 545 643 582 Velm-a·
662 545 846 586 uiolentia,
879 543 911 580 h.
938 555 968 580 e.
997 544 1101 592 ignis.
1128 542 1210 581 Cas.
1238 542 1302 583 111,
1328 544 1365 589 2,
1388 544 1431 580 6:
1473 543 1548 581 Soa
1578 557 1693 582 eccum
1724 547 1902 594 egreditur
1935 548 2095 582 senatu·

273 604 493 646 columen,
515 602 796 649 praesidium
819 603 957 646 popli.
981 600 1046 650 Ep.
1074 601 1122 647 ll,
1147 604 1182 648 2,
1207 603 1249 638 5:
1283 603 1441 637 cenati
1470 605 1529 648 qui
1550 605 1751 639 columen
1774 606 1939 640 cluent.
1964 604 2088 652 Amph.

270 656 335 704 IV,
358 660 398 705 2,
422 662 458 695 9.
483 657 677 696 Mercurius
703 658 746 693 ab
768 658 1013 707 Amphitruone
1039 659 1226 707 appellatur
1249 661 1420 694 ulmorum
1444 660 1636 695 Acheruns.
1687 660 1786 697 Asin.
1806 660 1872 707 111,
1896 663 1932 707 2,
1956 662 1990 697 3.
2016 667 2088 697 est:

269 718 405 753 vermo
427 718 636 758 ulmorum
650 717 759 762 freti,
785 714 871 763 quod
896 719 989 751 recte
1015 714 1255 753 Schmiederus
1280 728 1342 765 per
1358 716 1554 752 irrisionem
1572 715 1694 754 dictum
1715 724 1809 767 putat
1832 732 1892 768 pro
1919 720 2091 755 imbecilla

270 776 414 810 eattae.
463 773 647 821 Utrobique
672 777 783 811 utem
806 775 894 809 ulna
914 772 1061 822 positum
1085 778 1140 810 est
1164 785 1225 822 pro
1249 776 1357 820 virgis
1380 775 1517 818 ulmis,
1550 785 1636 823 ergo
1663 779 1767 811 totum
1792 780 1987 825 prmparte.
2015 774 2087 810 Re-

272 830 411 867 fer-endi
441 831 504 866 huc
536 833 617 866 sunt
649 829 750 866 etiam
783 841 899 866 omnes
925 829 950 865 ii
982 829 1068 875 loci,
1100 830 1218 878 quihus
1243 832 1427 875 Philippus
1451 842 1513 879 pro
1539 842 1671 867 nummo
1696 832 1756 868 illo
1782 845 1885 868 aureo
1909 832 2088 881 Philippeo

273 887 398 923 dictum
423 891 492 932 est3
516 898 587 923 non
612 886 690 923 dico
714 897 776 923 eos
800 886 910 932 locos,
935 886 991 922 uhi
1015 887 1184 923 vocabulo.
1207 888 1391 932 Philippus
1422 886 1667 923 substantivum
1702 888 1847 925 additum
1872 894 1939 936 est,
1972 894 2007 925 ut
2031 888 2089 924 ad-

272 945 390 981 iectivi
413 956 551 981 munere
576 944 753 994 fingatur,
778 945 860 992 (quo
884 943 1032 995 pertinet
1056 944 1156 981 etiam
1180 943 1255 981 Mil.
1283 943 1347 991 IV,
1369 947 1407 991 ·2,
1432 946 1492 991 70,
1518 944 1575 980 ubi
1600 945 1696 982 codd.
1722 946 1848 983 hahent
1879 947 2008 995 quidem
2034 954 2090 982 ta-

272 1005 407 1039 lentum
429 1004 654 1049 Mtpptaem,
680 1001 740 1038 sed
763 1001 974 1038 Ritschelius
1007 1002 1133 1037 retinet
1171 1002 1340 1050 vulgatam
1372 1014 1416 1038 ex
1440 1002 1494 1038 ed.
1519 1002 1625 1051 princ.
1651 1004 1839 1052 profectam
1866 1005 2089 1050 Philippum),

272 1059 343 1096 sedv
359 1072 433 1106 eos,
464 1060 523 1097 ubi
555 1060 665 1097 solum
689 1063 743 1096 est
765 1058 926 1110 positum,
957 1059 1014 1095 uhi
1037 1070 1108 1095 non
1133 1064 1188 1096 est
1211 1064 1321 1096 mente
1346 1058 1532 1096 addendum
1556 1071 1726 1106 nummus,
1764 1061 1823 1099 sed
1849 1074 1913 1099 rex
1938 1067 1993 1099 est
2008 1062 2090 1112 -ipse

270 1117 381 1155 dictus
405 1130 466 1168 pro
491 1130 638 1166 nummo,
663 1118 699 1154 in
723 1129 786 1168 quo
812 1121 868 1154 est
892 1118 966 1154 eins
990 1118 1119 1167 imago,
1145 1123 1181 1154 ut
1204 1123 1356 1155 nostrum
1379 1119 1495 1154 Lm.
1521 1118 1609 1154 Sunt
1633 1124 1742 1155 autem
1766 1120 1818 1154 hi:
1846 1120 1955 1156 Poen.
1969 1119 2034 1164 111,
2056 1123 2090 1164 1,

273 1176 341 1212 55:
367 1181 541 1212 trecentos
565 1178 756 1221 Philippos.
778 1175 816 1221 ⁶,
840 1176 899 1210 26.
922 1176 981 1211 88.
1005 1173 1132 1210 Bacch.
1153 1174 1217 1221 lv,
1234 1177 1270 1221 8,
1295 1177 1360 1212 27:
1387 1177 1530 1212 ducenti
1553 1177 1769 1222 Philippi.
1793 1178 1852 1213 88.
1879 1181 1913 1212 et
1934 1178 2000 1212 78:
2027 1178 2091 1212 du-

276 1234 389 1270 ceuts'ae
410 1234 593 1281 fflh'pm‘o.
644 1231 773 1270 Caecil.
798 1231 886 1269 Stat.
910 1232 971 1269 Fr.
996 1231 1257 1282 Hypobolimaei
1283 1231 1540 1270 Chaerestrati:
1566 1235 1665 1270 Nam
1696 1237 1793 1270 ista
1818 1236 1954 1281 quidem
1976 1247 2093 1270 noxa

275 1292 441 1327 muliebre
463 1297 518 1327 est
540 1304 645 1339 mage
668 1302 770 1341 quam
793 1292 877 1333 m'rt‘,
912 1289 955 1325 ud
979 1302 1010 1337 q.
1035 1289 1057 1325 l.
1083 1295 1177 1326 recte
1202 1289 1340 1326 adnotat
1365 1290 1532 1336 Daceria,
1565 1304 1694 1327 noa-am
1724 1291 1790 1327 dici
1824 1301 1921 1327 omne
1945 1290 1979 1326 id
2004 1291 2092 1339 quod

277 1352 392 1395 nocet,
415 1352 481 1385 tam
503 1348 647 1399 culpam,
672 1359 768 1399 quam
792 1347 973 1393 homiuem,
998 1347 1053 1395 qui
1078 1359 1151 1383 eam
1176 1348 1211 1383 in
1235 1360 1273 1384 se
1299 1347 1448 1394 admisit,
1473 1360 1569 1396 quam
1594 1360 1748 1398 poenam.
1775 1348 1921 1384 Terent.
1945 1348 2090 1397 Adelph.

278 1404 340 1451 ΙΙΙ,
355 1407 471 1450 4,·12ι
497 1418 564 1454 ego
584 1405 864 1450 oeroltbzcabeo,
890 1406 1028 1451 qnando
1051 1408 1094 1450 cs,
1120 1407 1397 1452 quamobrem
1421 1407 1487 1440 huc
1499 1418 1671 1450 ueneram,
1686 1406 1859 1450 uocabit,
1885 1406 1918 1440 h.
1945 1418 1975 1442 e.
1987 1416 2090 1454 prop·

276 1468 328 1498 ter
351 1474 461 1512 quem,
485 1463 544 1499 ubi
566 1463 660 1500 notio
686 1461 845 1508 hominis,
871 1473 956 1511 quac
981 1462 1159 1511 angustius
1184 1462 1287 1509 valet,
1322 1463 1459 1500 notione
1484 1462 1549 1508 rei,
1573 1475 1657 1511 quae
1682 1462 1782 1501 latius
1808 1468 1913 1514 patet,
1939 1475 2090 1512 compre·

275 1521 442 1558 henditur.
467 1520 555 1557 Eun.
580 1520 639 1566 lv,
662 1522 699 1566 8,
722 1522 765 1556 8:
792 1520 953 1555 Scelus
974 1526 1159 1566 postquam
1183 1522 1401 1567 ludificatust
1424 1523 1604 1567 virginem,
1630 1521 1662 1555 h.
1692 1533 1721 1556 e.
1748 1521 1926 1556 scelestus.
1950 1520 2088 1555 Phorm-

274 1577 460 1624 m,2‚42.
484 1578 562 1614 leno
589 1577 775 1629 appellatur
798 1578 1034 1613 stercule'num.
1081 1576 1225 1627 Adelph.
1243 1576 1289 1623 11,
1311 1579 1344 1623 1,
1368 1578 1427 1612 34.
1456 1589 1506 1625 sq.
1533 1576 1658 1615 Heaut.
1676 1575 1718 1615 V·
1736 1580 1772 1623 4,
1789 1580 1846 1614 lo.
1863 1580 1977 1624 from.
2003 1576 2089 1613 Eun.

275 1635 298 1672 l.
325 1637 358 1682 l,
382 1637 450 1672 84:
477 1636 550 1672 Sed
573 1648 656 1672 ecca
678 1638 756 1681 ipsa
779 1636 971 1682 egreditur,
995 1637 1108 1670 nostri
1119 1636 1230 1680 fundi
1253 1637 1509 1670 calamitas.
1544 1635 1672 1683 Hecyr.
1690 1635 1718 1680 Ι,
1738 1638 1773 1680 2,
1800 1637 1864 1671 48:
1904 1636 2092 1672 Tundendo

275 1700 383 1741 atque
406 1695 510 1729 odio
533 1695 681 1740 dentque
703 1695 818 1742 effecit
841 1705 960 1738 senes,
985 1692 1042 1727 ubi
1066 1693 1234 1736 odium,
1266 1698 1302 1728 ut
1324 1691 1434 1729 Plaut.
1461 1693 1561 1728 Asin.
1586 1692 1634 1738 ΙΙ,
1659 1695 1695 1738 4,
1721 1695 1778 1728 4⁰.
1804 1692 1891 1728 idem
1917 1698 1970 1729 est
1994 1701 2091 1742 atque

279 1750 401 1787 odiosa
432 1751 679 1801 importunitas.
734 1740 907 1786 Nonnulla
939 1753 1117 1799 praeterea
1141 1749 1295 1799 exempla
1328 1749 1415 1799 apud
1440 1749 1642 1786 Terentium
1676 1749 1752 1785 vide
1784 1749 1871 1799 apud
1902 1750 2090 1799 interprett.

275 1808 320 1845 ad
342 1809 452 1846 locum
475 1808 648 1857 Hecyrae,
672 1807 827 1857 inprimis
852 1806 1035 1842 Brnnsium
1061 1811 1096 1842 ct
1119 1806 1325 1855 Magnaenm
1349 1808 1385 1843 in
1409 1806 1520 1843 indice
1545 1819 1577 1841 v.
1604 1808 1730 1843 odium.

370 1865 583 1903 Accedamus
608 1864 650 1902 ad
674 1864 751 1902 illos
775 1864 887 1911 locos,
912 1864 969 1901 uhi
995 1864 1215 1901 substantivis
1240 1864 1308 1901 illis
1333 1865 1443 1914 magis
1476 1865 1648 1914 generalis
1683 1863 1944 1913 significationis
1977 1866 2092 1914 plures

276 1937 335 1961 res
360 1929 418 1960 aut
441 1916 595 1960 homines
622 1922 870 1971 significantur,
894 1923 942 1957 ita
967 1927 1003 1957 ut
1027 1922 1310 1970 significationem
1334 1923 1481 1958 habeant
1501 1922 1723 1958 collectivam.
1775 1920 1831 1956 De
1847 1919 1990 1958 Graecis
2015 1923 2091 1961 vide

277 1981 404 2020 Bernh.
429 1993 462 2031 p.
486 1982 545 2018 47.
593 1980 670 2017 Huc
695 1983 840 2030 spectat,
863 1979 894 2016 si
917 1979 1095 2029 regionum
1118 1983 1153 2016 et
1164 1980 1294 2017 urbium
1316 1980 1454 2017 nomina
1477 1993 1539 2029 pro
1564 1980 1688 2016 incolis
1713 1983 1895 2028 ponuntur,
1919 1985 1955 2015 ut
1979 1993 2000 2016 a
2024 1981 2091 2017 Ca-

277 2048 358 2075 tone
384 2052 437 2088 ap.
464 2038 550 2074 Gell.
574 2040 637 2079 ΙΙΙ,
661 2040 694 2073 Ἰ.
721 2039 833 2085 (quem
863 2038 971 2073 locum
1002 2036 1103 2073 affert
1127 2036 1283 2073 Ruddim.
1317 2038 1460 2073 institut.
1485 2049 1625 2085 gramm.
1650 2036 1709 2072 lat.
1734 2048 1767 2084 p.
1792 2036 1918 2080 8860:
1943 2038 2092 2083 Propter

277 2100 350 2133 eiua
373 2099 521 2132 virtutes
556 2097 696 2131 omnis
727 2096 930 2131 Graecia
960 2096 1110 2142 glorian
1134 2100 1241 2142 atquo
1263 2098 1419 2142 gratiam
1442 2097 1669 2140 praecipuam
1693 2094 1913 2129 claritudinis
1935 2097 2092 2131 inclutis-

276 2158 385 2190 simae
408 2155 616 2189 decoravere
639 2156 879 2194 monumentis,
903 2154 1024 2199 signis,
1054 2154 1186 2187 statu-'2
1218 2154 1363 2199 aliisque
1395 2153 1504 2188 reboo.
1537 2151 1650 2187 Plaut.
1678 2149 1780 2187 Curc.
1807 2151 1850 2195 ll,
1874 2150 1910 2196 8,
1935 2152 1998 2186 21:
2033 2154 2091 2188 Ita

274 2222 366 2247 mne
388 2212 624 2247 servitiam
649 2215 714 2253 est,
738 2209 771 2245 h.
792 2220 821 2244 e.
839 2209 941 2245 servi.
990 2207 1097 2245 Most.
1123 2208 1152 2255 Ι,
1180 2210 1214 2256 1,
1240 2210 1306 2245 64:
1339 2223 1404 2257 ego
1428 2213 1479 2246 ire
1502 2213 1538 2246 in
1562 2211 1726 2245 Piraeum
1748 2209 1826 2243 volo
1850 2208 1890 2243 In
1912 2220 2090 2254 vesperum

274 2281 407 2315 parare
428 2271 648 2314 piscatum
672 2269 772 2311 milti,
805 2267 837 2303 h.
864 2278 894 2302 e.
920 2267 1048 2316 pisces.
1097 2266 1224 2303 Eodem
1250 2266 1347 2303 modo
1374 2267 1439 2313 111,
1463 2270 1499 2313 2,
1530 2268 1596 2303 42:
1629 2269 1814 2312 piscatu
1836 2267 1943 2311 probo
1970 2267 2091 2305 Colitis

275 2330 394 2363 vitam.
444 2325 518 2362 Aul.
537 2324 583 2372 ΙΙ,
607 2327 644 2371 2,
670 2326 734 2362 29:
757 2325 877 2372 Neque
900 2326 963 2361 illo
986 2327 1164 2372 quisquam
1188 2332 1241 2361 est
1266 2327 1359 2361 alter
1379 2327 1481 2361 hodie
1505 2338 1549 2361 ea·
1570 2329 1856 2370 paupertate
1877 2328 2028 2372 parcior,
2054 2327 2087 2363 h.

277 2397 307 2421 e.
334 2396 379 2421 ex
408 2383 526 2421 ordine
552 2395 612 2419 seu
638 2394 776 2419 numero
801 2394 996 2431 pauperum,
1022 2387 1057 2417 ut
1082 2383 1229 2431 explicat
1254 2382 1487 2428 Camerarius,
1513 2395 1557 2424 ex
1582 2382 1797 2432 pauperibus.
1846 2380 1972 2431 Pseud.
1994 2384 2028 2429 J,
2055 2387 2088 2429 l,

279 2445 365 2478 124:
391 2442 509 2477 Pube
532 2443 721 2485 praesenti,
746 2440 802 2475 ubi
824 2440 932 2485 pubes
956 2444 1094 2475 auctore
1118 2439 1225 2475 Festo
1252 2452 1312 2489 pro
1335 2441 1518 2485 puberibus
1542 2439 1663 2476 dictum
1689 2443 1752 2475 est.

335 2508 384 2564 ¹⁷⁷)
404 2528 458 2557 Dic
475 2527 567 2566 {gitur
584 2537 629 2556 me
647 2531 728 2556 anat.
754 2527 785 2555 V.
807 2526 840 2554 C.
861 2530 890 2555 et
910 2530 1046 2563 excerpta
1067 2526 1139 2554 Pan.
1167 2530 1242 2554 teste
1268 2527 1402 2554 Grutero.
1422 2527 1555 2563 pistillum
1575 2526 1755 2555 Camerarius
1782 2524 1885 2553 fatetur
1906 2526 1932 2553 iu
1953 2526 2015 2555 cod.
2037 2535 2089 2556 suo

332 2624 381 2659 ²⁸)
402 2577 602 2652 ἑοὶξιΒοιὴίαι.
624 2621 709 2658 Vulg.
731 2621 799 2659 Ego
818 2625 903 2658 caput
924 2620 988 2649 huic
1008 2629 1072 2658 arg.
1092 2621 1138 2655 fui
1156 2620 1240 2649 hodie
1259 2621 1434 2658 reperiunda.
