2317 3047
234 357 367 391 Tuam
385 354 562 402 ‘copiam
586 367 702 391 eccam
724 355 824 389 video
851 354 1065 399 Chrysalum.
1095 353 1202 390 Stich.
1221 351 1265 396 V,
1285 354 1322 398 5,
1347 355 1388 388 1:
1414 354 1548 389 Morem
1571 356 1661 390 vobis
1683 365 1818 401 getam,
1844 367 1941 390 meae
1964 355 2045 389 de·

230 415 382 448 liciae.
434 411 539 448 Most.
558 411 588 457 Ι,
607 414 641 456 1,
661 413 724 447 14.
755 411 970 446 Tuurbanus
989 423 1069 446 vero
1084 422 1216 453 scurra,
1242 410 1449 446 deliciae
1469 412 1577 458 popli,
1602 411 1679 445 Rus
1693 412 1779 448 mihi
1801 416 1844 446 tu
1867 412 2044 447 obiectas-²

231 468 313 504 Cas.
332 468 435 513 1,44.
456 481 548 516 sqq-z
575 469 630 502 Mn·
652 470 869 508 animule,
894 469 977 502 Mea
999 470 1178 510 vita—,
1203 479 1282 502 mea
1295 469 1565 511 festivitas,
1593 489 1635 494 —
1661 471 1875 515 voluptas
1889 472 2041 503 mea!—

230 537 327 561 meus
347 528 500 570 festus
524 527 641 568 dies,
666 524 766 560 Meus
786 526 1144 572 pullusypasser,
1170 536 1248 559 mea
1272 524 1491 567 columba,
1519 528 1569 560 mi
1591 526 1729 571 lepus.
1754 524 1798 560 ib.
1821 524 1887 570 111,
1911 525 1950 571 8,
1977 527 2041 560 14:

230 583 315 629 quid
339 584 428 629 agis,
452 595 530 618 mea
544 583 824 627 festivitas?
853 581 949 617 Asin.
978 579 1042 626 111,
1067 583 1104 627 8,
1128 583 1195 617 29:
1221 583 1472 626 numsumus
1495 588 1548 616 est
1572 583 1658 617 haec
1680 582 1817 624 mulier,
1842 595 1943 628 quam
1967 594 2043 618 am-

229 641 402 684 plexare?
443 639 543 675 Trin.
568 637 614 684 V,
642 641 676 683 l,
701 640 742 673 7:
777 641 812 674 ei
840 640 894 673 rei
916 640 1090 683 fundus
1121 644 1227 683 pater
1259 640 1307 673 sit
1338 638 1528 686 potiorQ.
1555 650 1584 674 e.
1611 643 1739 675 auctor.
1765 637 1890 674 Bacch.
1913 638 1977 686 IV,
2002 639 2039 685 2,

232 699 288 735 19.
315 710 386 745 sq.:
1738 703 1745 710 ’

498 754 600 788 Illius
622 766 698 788 sum
721 756 1076 799 integumentum
1100 756 1311 799 corporis.

499 811 618 845 PIST.
667 811 826 857 Nequam
850 822 925 845 esse
948 816 1097 856 oportet,
1123 812 1205 857 quoi
1226 815 1267 846 tu
1291 812 1656 857 integumentum
1676 810 1859 857 inpmbn’s.

236 906 319 944 Cas.
343 909 387 953 ΙΙ,
412 908 449 953 8,
475 908 538 942 18:
572 909 721 954 respice,
756 907 798 942 oh
822 909 872 942 mi
893 907 1109 953 lepos!²⁰)
1149 905 1243 942 Men.
1275 904 1340 952 IV,
1372 907 1409 952 8,
1435 909 1477 941 1:
1521 906 1598 941 Sibi
1626 908 1781 942 ἰπᾶπίοω
1802 909 1919 955 magis
1942 920 2042 955 quam

233 967 387 1001 aetati
410 971 541 1010 tuae,
574 964 608 1000 h.
634 977 665 1000 e.
690 964 761 1000 tihi.
810 962 938 999 Eodem
963 962 1061 999 modo
1086 962 1215 1000 Pseud.
1240 965 1268 1010 1,
1294 966 1329 1010 1,
1354 965 1442 1000 1⁰9:
1484 965 1527 999 In
1550 969 1589 999 te
1611 975 1704 999 nunc
1725 970 1806 1000 emt
1829 977 1947 1002 omnes
1968 979 2045 1013 spes

231 1025 388 1059 aetati
408 1034 551 1067 meae,
577 1022 612 1057 h.
633 1033 663 1058 e.
690 1021 780 1056 mihi.
806 1020 913 1057 Stich.
937 1019 1051 1066 1V.2,
1076 1022 1141 1056 88:
1168 1033 1189 1055 o
1212 1023 1289 1056 lux
1312 1022 1485 1068 oppidi,
1517 1020 1607 1069 quod
1631 1025 1686 1057 est
1708 1021 1909 1058 blandientis
1935 1022 2044 1059 alteri.

235 1079 337 1130 Capt.
352 1079 415 1126 lV,
431 1081 468 1126 2,
485 1080 553 1114 84:
579 1079 678 1115 Idem
702 1091 768 1125 ego
790 1090 866 1114 sum
889 1079 1268 1124 salus,sortuna,
1294 1080 1389 1122 lus,
1414 1080 1636 1122 laetitia,
1658 1080 1881 1126 gaudium.
1913 1079 2042 1117 Pseud.

232 1141 260 1184 1,
284 1140 321 1184 2,
345 1140 404 1173 46.
430 1149 502 1184 sq.:
535 1138 595 1173 ubi
623 1139 685 1172 isti
707 1142 809 1180 sunt,
840 1137 960 1183 quibus
990 1147 1049 1170 vos
1081 1138 1203 1171 oculi
1233 1139 1328 1182 estis,
1355 1137 1484 1181 Quibus
1506 1139 1652 1182 vitae,
1677 1137 1796 1183 quibus
1818 1138 2044 1174 delitiae?

234 1197 353 1243 quibus
376 1196 533 1230 savia?
563 1196 833 1230 mammillae
863 1194 1168 1238 mellitae?²²)
1217 1191 1319 1229 Cure.
1344 1195 1378 1239 Ι,
1396 1194 1433 1239 8,
1456 1194 1500 1228 8:
1534 1195 1604 1229 mel
1634 1206 1757 1229 meum.
1787 1193 1913 1230 Bacch.
1937 1193 1983 1241 V,
2005 1197 2043 1241 2,

232 1255 293 1290 so.
316 1251 433 1287 Herm.
460 1250 563 1286 Trin.
590 1253 631 1296 ιι,
657 1253 692 1296 1,
719 1252 774 1286 ιτ.
816 1250 925 1286 Truc.
950 1252 993 1295 11,
1016 1252 1053 1295 o,
1076 1252 1134 1286 47.
1176 1249 1284 1286 Stich.
1309 1249 1355 1296 V,
1379 1252 1416 1296 4,
1439 1251 1499 1288 57.
1547 1249 1655 1286 Most.
1680 1252 1708 1296 1,
1740 1252 1776 1296 4,
1808 1252 1871 1286 12:
1919 1250 1975 1287 οιι
1999 1255 2043 1288 οι

231 1309 468 1355 ocellas¹¹)
493 1321 531 1344 es
550 1321 666 1352 meus3
692 1313 775 1343 tuus
798 1320 875 1343 sum
898 1309 1071 1352 alumnus,
1095 1309 1180 1343 mel
1203 1320 1346 1343 meum.
1396 1305 1479 1343 cas,
1494 1306 1559 1353 IV,
1578 1309 1615 1353 4,
1632 1309 1699 1344 14:
1725 1307 1838 1344 Meum
1853 1311 2042 1354 corculum,

233 1369 434 1409 Melculum,
446 1367 508 1411 ²³)
531 1367 715 1401 vernulum.
742 1363 844 1400 Cure.
860 1366 886 1410 1,
903 1367 939 1410 1,
955 1366 1012 1402 11.
1032 1369 1086 1400 est
1106 1366 1502 1408 feram—melliculo
1526 1366 1605 1400 dul
1614 1367 1660 1400 ci
1678 1378 1784 1409 meo,
1806 1365 1841 1403 h.
1859 1377 1892 1403 e.
1908 1366 2042 1415 puellae

232 1436 327 1460 meae
350 1423 526 1459 Planesio.
575 1421 677 1459 Cure.
703 1421 766 1468 lv,
790 1424 827 1469 4,
850 1424 893 1458 8:
921 1422 994 1458 Sed
1018 1423 1101 1470 qaid
1123 1424 1202 1469 agit
1223 1435 1361 1458 meum
1391 1425 1722 1458 mercimonium
1745 1424 1838 1470 apud
1860 1426 1926 1459 te?
1948 1424 1982 1460 h.
2008 1436 2040 1460 e.

232 1482 346 1532 puella
369 1486 493 1530 empta.
540 1480 711 1516 Fortasse
735 1480 799 1515 huc
823 1480 972 1529 pertinet
996 1480 1095 1516 etiam
1120 1478 1219 1529 Epid.
1244 1478 1291 1526 V,
1316 1482 1352 1525 1,
1375 1481 1412 1526 2,
1445 1480 1476 1515 si
1499 1491 1583 1516 vera
1607 1486 1661 1515 est
1683 1481 1873 1517 coniectura
1895 1480 2039 1518 Jacobi:

231 1541 351 1588 Neque
374 1540 474 1575 illam
496 1539 654 1582 adducit,
679 1544 801 1589 quaest
825 1550 904 1574 mea
923 1539 1181 1584 praedast)
1207 1538 1254 1578 cf.
1279 1538 1337 1584 111,
1361 1538 1397 1584 8,
1423 1539 1479 1574 18.
1504 1536 1611 1574 Most.
1636 1537 1665 1585 Ι,
1689 1540 1723 1585 1,
1746 1539 1809 1574 62:
1834 1541 2041 1587 saginam

234 1600 384 1642 caedite,
410 1597 443 1631 h.
460 1608 490 1631 e.
515 1596 661 1631 bestiam
687 1596 887 1643 saginatam.
911 1594 1024 1630 Aliam
1049 1596 1333 1643 significationem
1357 1595 1458 1631 habet
1481 1608 1515 1631 v.
1532 1600 1657 1643 sagina
1680 1596 1751 1632 Mil.
1766 1596 1813 1643 ΙΙΙ,
1837 1599 1874 1643 2,
1898 1599 1959 1643 81,
1985 1598 2041 1633 ubi

234 1659 289 1692 est
311 1666 373 1704 pro
398 1654 474 1703 ipso
501 1653 577 1689 loco
595 1664 615 1689 e
633 1665 696 1701 quo
722 1652 876 1702 saginari
893 1652 1030 1701 possis:
1056 1654 1142 1689 Post
1157 1666 1177 1689 e
1199 1656 1361 1701 sagina
1385 1665 1451 1701 ego
1466 1654 1636 1703 eieiar²⁶)
1661 1656 1812 1699 cellaria,
1836 1654 1917 1691 item
1928 1654 2040 1692 Most.

232 1713 263 1758 l,
287 1714 323 1757 8,
347 1714 407 1747 79.
424 1732 467 1737 —
495 1709 579 1748 Cas.
602 1709 666 1755 IV,
691 1711 728 1755 8,
751 1712 795 1745 8:
822 1712 905 1756 quid
928 1712 1017 1756 agis,
1043 1723 1137 1745 mea
1160 1713 1314 1746 salus?
1338 1709 1425 1746 cist.
1445 1710 1512 1756 ΠΙ,
1538 1714 1603 1747 1³:
1628 1724 1649 1746 o
1671 1714 1785 1747 salute
1808 1725 1887 1748 mea
1910 1716 2040 1749 salus

232 1770 427 1806 salubrior!
451 1766 558 1803 Stich.
583 1765 640 1813 lV,
665 1768 702 1813 2,
725 1768 761 1803 5.
787 1779 857 1815 sq.:
881 1772 1022 1814 sperate
1045 1768 1304 1815 Pamphilippe!
1328 1780 1348 1803 ο
1372 1780 1470 1815 spes
1492 1770 1593 1804 mea!
1625 1769 1654 1803 0
1675 1781 1751 1804 mea
1773 1771 1895 1804 vita!
1918 1782 1938 1804 o
1962 1783 2041 1806 mea

232 1830 458 1874 voluptas.
490 1824 564 1860 Mil.
589 1823 646 1869 lV,
670 1826 707 1870 8,
732 1828 797 1861 2⁰:
828 1823 859 1859 Ο
883 1827 951 1860 mei
974 1826 1074 1867 oculi,
1107 1838 1127 1860 o
1151 1828 1200 1860 mi
1223 1828 1347 1860 anime.
1381 1824 1481 1861 Asin.
1506 1825 1553 1871 ΙΙΙ,
1578 1827 1612 1872 8,
1637 1827 1700 1862 24:
1739 1827 1842 1861 Certe
1873 1829 1966 1862 enim
1998 1834 2040 1863 tu

232 1886 372 1920 vita’s
395 1885 494 1919 Mihi.
519 1894 551 1918 v.
574 1883 639 1918 65:
672 1884 777 1917 decus
802 1884 910 1929 popli,
936 1884 1144 1918 thensaurus
1167 1885 1353 1929 copiarum,
1379 1883 1486 1918 Salus
1511 1903 1553 1909 —
1576 1884 1584 1917 !
1617 1895 1647 1918 v.
1672 1884 1736 1918 74:
1778 1896 1875 1919 meus
1898 1886 2038 1927 ocellus,

232 1954 310 1976 mea
333 1953 425 1983 rosa,
450 1960 496 1966 —
519 1942 569 1974 mi
591 1941 715 1982 anime,
740 1952 817 1974 mea
840 1941 1011 1986 voluptas.
1037 1951 1069 1974 v.
1097 1940 1155 1974 ⁷6.
1181 1951 1248 1986 sq.:

500 2016 568 2051 Dic
590 2018 701 2062 igitur
725 2016 840 2060 me²⁶)
862 2017 1190 2062 passerculum,
1214 2017 1454 2062 gallinam,
1481 2019 1775 2060 coturnicem,

501 2074 769 2119 Agnellum,
794 2074 1046 2109 hoedillum
1070 2087 1123 2109 me
1149 2079 1271 2109 tuum
1295 2075 1352 2110 dic
1375 2087 1450 2110 esse
1471 2076 1526 2110 vel
1547 2076 1762 2110 vitellum.

235 2144 265 2166 v.
293 2132 380 2166 101:
408 2130 461 2165 Mi
481 2130 625 2176 Libane,
651 2133 780 2166 ocellus
805 2144 943 2175 aureus,
968 2133 1097 2178 donum
1121 2133 1291 2178 decusque
1315 2135 1452 2168 amoris.
1477 2144 1508 2167 v.
1533 2132 1612 2168 1⁰³.
1640 2143 1708 2179 sq.:

498 2188 566 2222 Dic
589 2190 699 2234 igitur
724 2202 778 2223 me
801 2191 1101 2231 anaticulam,
1126 2191 1364 2225 columbam
1387 2192 1442 2225 vel
1465 2190 1697 2231 catellum,

293 2324 341 2358 ὀ)
362 2322 412 2351 Sic
431 2321 465 2351 V.
489 2320 523 2350 C.
544 2329 601 2349 sec.
623 2321 746 2351 Puteum
767 2327 797 2351 et
816 2323 979 2351 Gruterum.
1007 2322 1090 2360 Vulg.
1110 2332 1135 2350 o.

291 2371 340 2405 ἰ)
360 2370 409 2399 Sic
428 2368 556 2399 Bothius.
578 2369 660 2407 Vulg.
682 2369 769 2399 habet
787 2371 855 2400 estis
881 2374 947 2408 post
966 2370 1084 2400 delitiae
1103 2374 1131 2399 et
1150 2370 1307 2400 mammilla
1326 2379 1376 2409 pro
1395 2371 1573 2401 mammillae.

289 2418 340 2452 ²²)
360 2418 409 2446 Sic
428 2427 485 2447 sec.
507 2419 584 2456 ΔΘρ
604 2426 668 2446 cum
687 2418 854 2448 Hermanno
874 2420 956 2448 elem.
978 2429 1005 2456 p.
1023 2421 1088 2448 213.
1109 2419 1322 2454 restituendum,
1342 2419 1388 2455 qui
1411 2419 1470 2447 Oho
1490 2420 1628 2449 Hocellus.
1650 2420 1732 2457 Vulg.
1756 2421 1818 2451 Oh!
1838 2424 1951 2454 ocellus.

291 2465 340 2497 α3)
361 2464 410 2493 Sic
430 2465 515 2495 Both.
535 2475 597 2497 sec.
616 2466 800 2495 Prisciauum.
831 2467 922 2496 codd.
943 2471 973 2495 et
992 2467 1067 2504 vulg.
1093 2468 1268 2497 molliculum.

291 2512 344 2548 ²¹¹)
365 2512 459 2549 Vulgo
479 2522 543 2543 eum
562 2514 693 2552 Lnngg.:
713 2525 785 2552 quae
803 2519 899 2553 empta
918 2524 952 2544 ex
968 2516 1082 2553 praeda
1101 2520 1152 2545 est.
1172 2516 1205 2545 V.
1225 2516 1259 2546 C.
1278 2524 1335 2546 sec.
1356 2515 1423 2545 Par.
1445 2525 1517 2554 quae
1537 2520 1578 2545 est
1599 2538 1751 2547 ......
1771 2519 1874 2556 preda.
1894 2519 1927 2548 V.
1944 2524 2038 2558 empta

365 2560 449 2588 abest
468 2562 553 2590 etiam
573 2572 591 2591 s.
612 2563 686 2593 Pau.
707 2567 736 2592 et
757 2563 802 2593 ed.
822 2563 908 2600 princ.
1096 2583 1102 2587 ,

291 2608 339 2641 ²⁵)
360 2607 409 2634 Sic
428 2606 609 2639 Ritschelius.
631 2610 718 2647 Vulg.
737 2614 838 2648 postea
856 2619 922 2647 sag.
943 2620 998 2648 ego
1016 2612 1122 2642 eiiciar.

290 2654 344 2689 ²⁶)
364 2654 450 2692 Vulg.
470 2660 548 2686 mum
568 2656 656 2694 addit,
677 2658 753 2695 quod
773 2658 867 2688 omisit
887 2656 1016 2690 Bothius.
