2317 3047
1075 188 1144 228 1³

192 310 271 341 ost?
294 305 394 355 Epid.
421 305 467 351 ll,
493 308 528 351 2,
555 307 642 340 118:
669 306 766 340 Nihil
790 307 826 339 in
851 317 893 339 ea
917 317 956 339 re
980 308 1140 351 captiosi.
1188 304 1295 342 Most.
1329 306 1357 349 1,
1394 306 1427 347 l,
1460 305 1523 338 83:
1556 307 1640 352 quid
1671 307 1745 349 tibi,
1780 310 1921 353 malum,
1955 320 2009 343 me

191 371 254 399 aut
280 365 362 411 quid
385 376 450 410 ego
475 377 590 411 agam,
623 365 824 398 curationi?
857 361 979 411 Amph.
1005 361 1033 398 Ι.
1057 363 1094 407 8,
1119 362 1183 397 21:
1221 362 1311 405 Quid
1345 363 1410 397 tihi
1438 362 1528 397 hanc
1551 366 1722 400 curatioct
1745 377 1831 410 rem,
1855 366 2006 408 verbero,

190 428 254 456 aut
278 424 459 456 muttitio?
482 421 589 456 Most.
617 420 664 465 ll,
693 424 725 465 l,
750 421 816 455 3⁰:
844 422 926 466 quid
950 422 1005 454 illi
1027 421 1155 455 reditio
1179 421 1246 453 huc
1270 422 1375 454 etiam
1390 421 1495 463 suit?
1522 418 1651 455 Caecil.
1677 421 1765 456 Stat.
1792 423 1837 459 fr.
1857 424 1892 459 6.
1913 423 2006 457 Har-

189 488 419 526 pazomenes:
444 480 535 523 Quid
559 478 624 513 tibi
646 480 867 524 aucupatiost
892 478 1090 523 Argentum
1115 482 1180 512 aut
1205 477 1250 511 de
1273 487 1348 510 meo
1381 488 1496 511 amore
1520 477 1729 523 verbtflcatio
1755 481 1878 526 patri!
1911 491 2005 527 quem

191 534 299 570 locum
324 534 425 571 affert
449 536 605 571 Donatus
632 534 674 570 ad
699 534 858 571 Terentii
881 533 1078 570 Eunuchum
1103 535 1163 580 lV,
1188 536 1222 575 4,
1249 534 1286 578 4,
1319 533 1374 568 ubi
1400 540 1471 568 est:
1505 535 1599 578 Quid
1629 535 1696 569 huc
1727 538 1789 571 tibi
1817 538 2006 573 redit-foer?

190 593 274 639 quid
295 595 400 628 vestis
423 595 600 629 mutatio?
623 591 680 628 Ad
705 592 894 641 analogiam
930 592 1216 627 substantivorum
1240 589 1426 626 verbalium
1462 591 1497 626 in
1527 594 1560 627 io
1593 591 1787 628 exeuntium
1817 600 1870 630 est
1903 595 2004 631 etiam

188 649 268 684 illud
294 650 470 685 formatum
496 662 516 685 a
540 650 659 685 Plauto
685 650 809 698 Amph.
835 648 863 694 1,
891 652 924 694 l,
952 651 1015 684 12:
1045 650 1217 696 opulento
1242 650 1372 684 homini
1392 649 1455 683 hoc
1478 652 1624 685 servitus
1656 651 1796 695 duruit,
1828 663 1920 698 quem
1950 652 2002 688 lo-

189 718 260 741 cum
286 706 434 742 afferunt
456 707 568 743 Rudd.
586 707 607 742 l.
634 707 656 742 Ι.
682 719 715 755 p.
738 708 820 741 239.
847 711 880 741 et
905 705 1216 742 Weissenbornius
1243 709 1334 753 synt.
1360 705 1417 740 lat.
1443 717 1476 754 p.
1501 707 1592 752 292.,
1619 705 1741 742 deinde
1767 706 1869 744 Trin-
1892 708 1941 756 11,
1965 711 2001 755 l,

188 765 250 798 15:
278 766 428 799 celatum
453 766 644 810 indagator
668 765 717 808 (v.
732 763 870 811 Reisig.
890 770 924 798 et
938 762 1090 799 Haasius
1117 763 1138 797 1.
1165 763 1216 809 1.).
1243 762 1353 799 Truc.
1381 761 1426 807 ΙΙ,
1451 763 1488 807 7,
1514 765 1554 797 1:
1577 766 1673 806 forae
1692 776 1852 811 gerones.
1875 764 2000 801 Pseud.

187 821 214 865 1,
242 822 276 865 1,
299 822 367 856 65:
398 822 537 857 Teneris
562 823 698 857 labellis
721 819 842 856 molles
866 823 1130 866 morsiunculae,
1156 820 1211 868 qui
1237 826 1291 855 est
1324 819 1456 855 dativus
1489 820 1662 857 commodi.
1709 821 1830 858 Minus
1862 820 2001 859 offendit

186 875 263 912 Mil.
290 878 348 922 ΙΙΙ,
375 881 408 923 1,
433 880 498 913 48:
524 891 634 925 neque
657 890 722 923 ego
747 878 982 913 oblocutor
1006 890 1082 913 sum
1107 879 1256 913 alteri
1279 880 1314 912 in
1339 879 1501 921 convivio,
1527 877 1679 925 quoniam
1703 879 1759 915 hic
1792 878 1894 914 etiam
1917 879 1999 915 dati-

186 946 248 969 vus
272 934 473 971 incommodi
498 936 606 985 accipi
630 940 753 985 potest.
782 936 858 970 Non
882 938 961 984 puto
987 935 1051 971 huc
1077 934 1248 984 pertinere
1274 933 1421 971 Terent.
1444 932 1593 983 Adelph.
1629 933 1691 982 IV,
1715 939 1752 982 4,
1785 937 1824 974 7.
1855 948 1926 985 sq.:
1958 939 2002 973 id

185 1005 274 1028 unus
298 994 388 1028 Mihi
410 994 624 1030 indicium
644 996 745 1039 fecit,
770 993 883 1042 potius
909 994 954 1028 id.
970 995 1135 1029 indicium
1160 992 1407 1041 appositionem
1432 991 1584 1027 efficere.
1610 990 1720 1028 Etiam
1744 1006 1828 1029 usus
1851 1001 1906 1030 eet
1930 1007 2001 1030 cum

186 1049 331 1085 ablativo
358 1050 582 1096 coniunctum,
609 1056 644 1086 ut
667 1054 759 1086 recte
786 1049 869 1085 dicit
890 1049 1111 1095 Luebkerus,
1137 1050 1201 1085 huc
1225 1050 1384 1098 pertinet,
1411 1048 1472 1085 sed
1497 1048 1539 1085 de
1564 1049 1629 1085 hoc
1653 1054 1718 1085 tum
1743 1050 1871 1087 demum
1897 1064 2001 1100 agere

186 1106 366 1153 malumus,
405 1119 477 1143 cum
503 1107 544 1143 ad
577 1108 755 1143 ablativum
786 1112 981 1157 perventum
1017 1108 1093 1143 erit.
1126 1106 1286 1143 Addimus
1325 1106 1391 1142 alia
1429 1106 1641 1143 substantiva
1666 1112 1800 1156 praeter
1836 1109 1999 1156 verbalia,

185 1176 270 1212 quae
303 1176 375 1200 cum
408 1164 568 1201 adverbio
601 1166 756 1215 apposito
788 1165 824 1200 in
856 1176 954 1201 unam
984 1164 1157 1200 notionem
1190 1163 1397 1210 coalescunt,
1432 1176 1516 1212 quae
1550 1163 1661 1213 figura
1693 1164 1792 1214 vulgo
1826 1165 1947 1202 dicitur
1979 1178 2000 1202 a

185 1222 413 1269 grammaticis
438 1223 587 1269 Hyphen
612 1222 738 1264 (Rudd.
765 1221 813 1267 ΙΙ,
838 1234 871 1270 p.
895 1223 976 1257 396.
1002 1221 1117 1257 adnot.
1146 1224 1229 1265 19.).
1258 1221 1380 1269 Amph.
1404 1220 1452 1265 ΙΙ,
1472 1222 1509 1265 2,
1533 1222 1619 1256 188:
1645 1225 1768 1257 intus
1786 1229 1998 1269 pateram

181 1281 340 1325 proferto
354 1281 470 1325 sorae.
495 1278 596 1317 Pers.
615 1280 674 1325 ΙΙΙ,
700 1282 733 1325 1,
757 1280 823 1315 57:
848 1290 918 1314 non
941 1284 982 1313 tu
1005 1290 1121 1314 nunc
1144 1279 1362 1313 hominum
1386 1289 1498 1313 mores
1522 1279 1645 1313 viden?
1669 1278 1741 1314 Huc
1757 1279 1872 1316 refero
1898 1281 1998 1316 etiam

184 1336 258 1372 Mil.
275 1335 323 1381 ll,
341 1340 374 1381 1,
388 1338 447 1372 88.
468 1349 558 1383 sqq.:
583 1339 882 1372 inde—mulieres.
902 1335 1048 1371 Terent.
1072 1335 1180 1371 Andr.
1197 1335 1227 1380 Ι,
1243 1337 1279 1380 2,
1293 1337 1335 1369 4;
1362 1336 1454 1370 Heri
1475 1348 1561 1370 cem
1566 1349 1646 1381 per
1670 1339 1840 1372 lenitac
1856 1340 1998 1373 verebar

183 1405 343 1441 quorsum
366 1394 541 1437 evaderet,
565 1393 653 1441 quod
678 1393 859 1438 secundum
884 1392 1068 1438 Donatum,
1093 1391 1302 1437 Dacieriam,
1328 1390 1537 1428 Schellerum
1559 1392 1595 1428 in
1619 1404 1754 1441 gramm.
1779 1393 1837 1429 lat.
1862 1406 1896 1443 p.
1911 1395 1995 1440 742,

185 1450 354 1496 Bothium,
381 1450 646 1497 Schmiederum,
673 1451 852 1496 Zeunium,
876 1450 1058 1495 Ritterum,
1082 1449 1275 1497 Reisigium
1300 1462 1439 1496 gramm.
1466 1450 1524 1486 lat.
1548 1462 1580 1498 p.
1599 1451 1681 1487 892.
1705 1451 1811 1497 ibique
1831 1450 1995 1487 Haasium

185 1507 296 1544 adnot.
314 1509 396 1544 391.
415 1507 503 1544 idem
528 1512 582 1544 est
607 1520 646 1544 ac
670 1512 835 1558 perpetua
857 1507 1001 1552 lenitas3
1035 1505 1203 1556 Guyetus,
1226 1505 1427 1553 Boeclerus,
1454 1505 1731 1554 Westerhovius,
1756 1506 1995 1555 Ruhnkenius,

182 1566 355 1611 Perletus,
379 1565 650 1612 Fikenscherus,
674 1566 925 1602 Ramshornius
950 1566 986 1601 in
1011 1577 1151 1614 gramm.
1176 1565 1235 1601 lat.
1267 1578 1302 1614 p.
1334 1566 1416 1602 715.
1448 1579 1580 1613 semper
1614 1565 1657 1601 ad
1688 1566 1822 1601 verbum
1853 1568 1994 1603 verebar

183 1622 399 1660 referendum
432 1635 512 1659 esse
546 1628 707 1668 censent3
745 1623 826 1659 illud
858 1628 969 1659 tamen
1002 1623 1177 1672 praefero,
1203 1634 1279 1658 nam
1304 1626 1396 1658 recte
1420 1622 1575 1658 Ritterus
1602 1621 1693 1668 dicit,
1726 1623 1756 1658 si
1786 1635 1919 1670 temper
1951 1623 1993 1659 ad

183 1681 321 1716 verbum
345 1685 500 1729 spectare
525 1680 693 1716 voluisset
717 1686 833 1730 poeta,
860 1686 926 1715 tum
954 1679 1134 1715 secundum
1159 1684 1368 1714 constantem
1393 1691 1489 1715 usum
1515 1681 1547 1715 ei
1573 1679 1741 1715 dicendum
1775 1680 1883 1715 fuisse
1907 1693 1993 1716 cem-

180 1751 244 1784 per
268 1740 398 1774 veritus
427 1750 515 1775 sum.

278 1795 432 1842 Denique
458 1794 607 1830 addimus
633 1795 802 1843 exempla,
829 1795 884 1830 ubi
910 1794 1133 1839 substantiva,
1160 1805 1244 1840 quae
1269 1805 1337 1829 non
1364 1798 1442 1829 sunt
1467 1794 1628 1834 verbalia,
1655 1805 1726 1828 cum
1740 1793 1883 1829 ablativo
1906 1795 1994 1831 alius

184 1852 387 1888 substantivi
410 1852 458 1888 ita
484 1857 561 1888 sunt
585 1852 776 1898 coniuncta,
803 1858 838 1887 ut
862 1864 933 1887 cum
960 1864 1000 1887 eo
1023 1851 1058 1887 in
1092 1863 1189 1887 unam
1222 1851 1394 1887 notionem
1429 1851 1634 1888 coalescant.
1676 1851 1851 1887 Ablativus
1884 1858 1993 1889 autem

185 1909 281 1944 solus
307 1921 407 1944 casus
434 1915 500 1954 est,
526 1910 581 1957 qui
607 1910 657 1944 sic
682 1916 863 1957 usurpatus
890 1909 1071 1956 reperitur,
1104 1915 1138 1943 et
1163 1907 1293 1955 quidem
1315 1913 1372 1943 aut
1397 1908 1461 1946 abl,
1487 1908 1567 1953 loci,
1600 1909 1654 1955 qui
1680 1908 1844 1955 originem
1878 1911 1993 1958 expri-

182 1966 252 2010 mit,
276 1970 333 2000 aut
356 1965 420 2000 abl.
456 1965 636 2013 qualitatis.

277 2024 311 2067 a)
336 2024 417 2059 Abl.
443 2025 511 2059 loci
540 2026 706 2070 originem
739 2024 944 2068 exprimens.
977 2021 1124 2059 Taubm.
1158 2021 1200 2057 ad
1230 2021 1342 2057 Plaut.
1375 2020 1500 2058 Bacch.
1527 2022 1570 2067 ΙΙ,
1594 2023 1630 2067 2,
1653 2022 1710 2059 53.
1736 2033 1754 2057 e
1781 2020 1916 2060 Catone
1941 2024 1993 2060 af-

182 2081 250 2115 fert
278 2081 463 2126 Syracusis
486 2083 615 2125 soleae,
642 2092 725 2127 quae
752 2084 830 2115 sunt
855 2079 970 2114 soleae
997 2078 1249 2126 Syracusanae.
1275 2079 1377 2114 Both.
1403 2078 1445 2113 ad
1469 2078 1575 2113 Naev.
1601 2079 1643 2113 fr.
1667 2080 1698 2112 2.
1731 2078 1866 2114 Har-ioli
1891 2080 1994 2116 affert

182 2136 293 2173 Plaut.
317 2135 427 2173 Merc.
452 2135 498 2182 V,
523 2138 559 2183 2,
583 2139 646 2173 99:
679 2137 784 2172 Video
815 2137 864 2172 ibi
895 2137 1120 2184 hospitem
1154 2136 1404 2183 Zacyntho.
1430 2155 1473 2163 —
1499 2135 1542 2171 ib.
1570 2148 1602 2172 v.
1629 2137 1713 2171 1⁰2:
1750 2137 1993 2183 Zacyntho

180 2197 294 2238 ficos
307 2196 393 2241 fieri
413 2207 482 2229 non
505 2196 631 2240 malas,
656 2195 689 2230 h.
715 2207 746 2231 e.
771 2194 855 2229 ficos
882 2193 1104 2241 Zacynthias.
1130 2192 1258 2230 Bacch.
1283 2192 1330 2238 ΙΙ,
1356 2196 1391 2238 2,
1416 2194 1480 2227 53·ε
1516 2194 1691 2239 Epheso
1722 2205 1806 2239 quos
1835 2194 1994 2241 hospes

183 2252 302 2286 debuit
325 2256 442 2286 nostro
464 2254 550 2296 ceni,
574 2251 610 2292 h,
637 2263 668 2287 e.
693 2251 822 2299 hospes
847 2250 1029 2299 Ephesius.
1054 2250 1163 2285 Poen.
1189 2248 1235 2295 V,
1260 2251 1297 2295 2,
1320 2252 1384 2286 36:
1419 2251 1673 2285 Hannonem
1704 2262 1780 2284 cece
1809 2252 1863 2285 ait
1891 2251 1991 2288 Gar-

183 2308 382 2353 thagine‚
410 2308 731 2353 Carthaginiensem
755 2312 818 2342 cet.
846 2307 946 2341 Asin.
971 2306 1019 2351 ΙΙ,
1044 2310 1081 2351 4,
1105 2308 1172 2342 92;
1199 2308 1420 2353 Ρενίρῇαηεε,
1446 2307 1593 2341 Rhodo
1617 2312 1852 2342 mercator.
1876 2307 1990 2343 Krue-

183 2375 287 2413 gerus
300 2375 438 2412 gramm.
452 2364 509 2401 lat.
523 2365 649 2414 p.665.
672 2364 774 2401 affert
785 2363 911 2401 Pseud.
925 2366 951 2410 l,
965 2365 1002 2410 3,
1015 2365 1080 2399 36:
1109 2364 1214 2400 Salve
1227 2365 1386 2409 multum,
1411 2375 1535 2399 eerve
1553 2364 1756 2399 Athenis
1772 2377 1990 2411 pessume.

277 2421 313 2465 b)
338 2424 419 2457 ΑΜ.
443 2425 634 2469 qualitatis.
664 2421 751 2457 Cato
778 2422 821 2457 R.
845 2422 889 2456 R.
919 2434 947 2456 c.
973 2423 1016 2455 8:
1055 2423 1205 2456 Telamo
1229 2427 1328 2456 atras
1349 2423 1508 2466 pediculo
1533 2423 1646 2466 longo.
1681 2420 1795 2456 Plaut.
1826 2421 1935 2457 Merc.
1960 2423 1990 2467 Ι,

183 2478 219 2523 2,
236 2479 442 2523 97zsorma
466 2481 592 2516 eximia
616 2480 804 2515 mulierem.
829 2477 936 2514 Most.
951 2477 1109 2525 1,a‚49:
1135 2480 1366 2514 mulierem
1387 2479 1536 2524 lepidam
1548 2483 1585 2512 et
1604 2478 1770 2524 pudico
1795 2480 1990 2525 ingenio.

185 2533 516 2581 Terent.Heaut.V,
530 2538 566 2581 5,
581 2538 644 2571 17:
661 2538 837 2581 Rufamne
849 2538 948 2571 illam
960 2539 1180 2582 virginem
1196 2536 1366 2579 Caesiam,
1382 2547 1539 2580 sparso
1562 2547 1646 2578 ore,
1665 2537 1842 2570 adunco
1862 2540 1989 2571 naso?

185 2588 271 2626 Eun.
300 2593 343 2637 ΙΙ,
369 2594 403 2636 1,
428 2593 498 2627 24.·
522 2595 618 2628 ducit
642 2606 756 2629 secum
780 2605 850 2629 una
873 2595 1093 2639 virginem
1119 2593 1207 2627 dono
1231 2592 1322 2636 kuic,
1344 2604 1471 2637 papae,
1496 2592 1638 2626 Facie
1663 2592 1870 2627 honesta.
1898 2592 1988 2629 And.
