2317 3047
220 275 362 323 linguae
389 279 541 311 ceterum
566 273 745 325 praeclara
771 272 1119 309 Weissenborniana.
1172 272 1316 309 Accedit
1340 272 1430 321 quod
1456 274 1491 310 in
1516 273 1574 310 illa
1598 276 1731 312 ratione
1758 276 1950 312 enunciatio
1977 281 2048 311 tan-

220 345 318 381 quam
336 333 402 368 iam
420 333 577 382 perfecta
592 330 691 367 nobis
708 329 821 377 datur,
847 332 894 366 ita
919 335 953 365 ut
980 331 1187 377 nesciamus,
1214 329 1302 366 unde
1319 336 1399 366 nata
1416 331 1473 376 sit,
1500 332 1535 367 in
1553 334 1746 381 synthetica
1765 340 1874 370 autem
1891 334 2048 369 enuncia-

222 391 348 426 tionem
375 390 538 437 deinceps
564 387 651 423 oriri
677 393 712 424 et
737 389 833 436 quasi
858 392 894 422 ut
919 387 1109 424 aedificium
1144 400 1188 423 ex
1213 387 1359 435 singulis
1385 388 1537 437 partibus
1576 402 1656 426 sese
1689 391 1855 427 extollere
1887 391 2048 426 videmus.

221 446 298 483 Jam
334 459 417 482 vero
453 458 496 480 ex
529 444 661 481 duabus
693 445 846 495 partibus
880 450 1019 481 constat
1051 457 1267 493 unaquaeque
1293 446 1502 491 enunciatio,
1537 458 1582 482 ex
1608 449 1759 484 subiecto
1785 454 1819 483 et
1843 448 2051 498 praedicato.

223 504 419 541 Subiectum
445 513 584 552 semper
609 514 690 539 esse
714 513 863 538 necesse
897 508 952 538 est
985 509 1042 538 aut
1066 514 1188 539 nomen
1214 507 1271 537 aut
1292 514 1499 552 pronomen,
1538 505 1727 553 praedicati
1758 506 1937 556 potissima
1970 517 2050 555 pars

224 569 278 599 est
303 562 463 606 verbum,
498 573 608 609 eaque
634 564 687 596 est
711 559 858 609 simplex
884 561 1099 606 enunciatio,
1134 561 1167 596 in
1194 572 1259 608 qua
1284 560 1391 596 solum
1415 573 1541 597 nomen
1566 562 1620 598 vel
1645 575 1832 612 pronomen
1857 570 1891 600 et
1917 564 2052 599 verbum

223 626 311 665 sunt,
338 618 430 654 nullo
457 624 638 668 praeterea
664 616 778 653 addito
806 617 873 653 alio
900 618 1075 659 vocabulo,
1104 630 1168 666 qno
1195 618 1387 654 enunciatio
1405 619 1597 656 accuratius
1615 619 1804 665 definiatur,
1830 620 1891 657 sed
1907 612 2052 668 possunt

220 679 320 714 etiam
345 677 429 723 alia,
454 683 491 713 ut
516 675 730 721 adiectivum,
757 674 966 721 adverbium,
994 681 1073 711 cett.
1100 676 1142 711 ad
1181 676 1409 725 praedicatum
1443 676 1622 723 accedere,
1657 691 1721 726 quo
1755 679 1835 715 illud
1860 679 2050 714 accuratius

219 735 459 771 constituatur.
509 732 724 768 Adiectivum
757 737 872 782 potest
904 733 1004 767 etiam
1037 732 1080 767 ad
1115 733 1301 768 subiectum
1327 733 1512 780 accedere,
1549 734 1636 770 sicut
1669 748 1857 785 pronomen
1883 736 1982 771 etiam
2009 734 2050 770 ad

217 791 464 842 praedicatum.
514 790 626 838 Atque
654 790 708 826 vel
734 790 821 826 hanc
848 790 890 825 ob
916 802 1051 825 causam
1079 790 1273 838 synthetica
1298 792 1385 827 ratio
1412 792 1572 839 syntaxin
1592 794 1759 830 tractandi
1785 795 1972 842 analyticae
1998 800 2050 828 est

217 848 462 899 praeferenda,
488 848 647 895 quoniam
672 848 707 883 in
733 847 790 882 illa
813 847 979 892 nescitur,
1006 859 1070 894 quo
1096 847 1173 882 loco
1201 847 1370 883 adiectiva
1396 854 1430 884 et
1451 850 1652 898 pronomina
1676 852 1851 897 aptissime
1877 850 2051 887 tractanda

219 909 302 952 sint,
329 919 394 954 quo
420 906 468 951 fit,
485 909 530 948 ,ut
555 905 737 952 utrobique
763 904 831 939 sint
856 904 1152 939 commemoranda
1176 917 1240 940 nec
1267 905 1322 952 qui
1349 906 1395 940 sit
1419 910 1510 941 totus
1529 918 1645 943 eorum
1664 920 1758 949 usus,
1786 909 1877 944 clare
1901 909 2050 958 perspici

211 965 355 1015 possit,
390 962 545 1012 quoniam
581 961 713 999 duobus
746 961 833 998 locis
867 962 981 998 omnia
1006 974 1090 1010 quae
1116 962 1157 998 ad
1182 962 1273 998 illum
1298 963 1489 1013 pertinent,
1523 966 1754 1013 conquirenda
1781 972 1868 1002 sunt.
1920 966 2050 1002 Nostra

219 1028 330 1058 autem
356 1022 489 1058 ratione
515 1025 659 1068 utraque
686 1019 847 1068 deinceps
874 1024 1061 1055 tractantur
1086 1025 1165 1069 post
1190 1021 1447 1056 substantivum.
1505 1020 1604 1065 Quod
1631 1024 1661 1058 si
1686 1028 1785 1059 antea
1811 1023 1881 1058 dixi
1906 1023 1948 1058 de
1973 1035 2049 1072 par-

218 1080 332 1117 ticulis
358 1079 470 1115 ultimo
497 1078 575 1114 loco
602 1076 770 1126 agendum
796 1089 889 1117 esse,
917 1082 1028 1112 tamen
1052 1089 1123 1113 non
1149 1083 1281 1126 spectat
1306 1078 1370 1114 hoc
1400 1078 1441 1114 ad
1467 1081 1757 1129 praepositiones,
1784 1093 1868 1129 quae
1886 1093 1958 1116 cum
1984 1081 2050 1116 sint

220 1138 488 1187 supplementum
523 1148 661 1172 casuum
696 1135 1004 1181 substantivorum,
1041 1135 1153 1170 statim
1189 1147 1262 1171 cum
1295 1148 1433 1171 casuum
1465 1135 1621 1173 doctrina
1654 1138 1912 1186 coniungendae
1938 1146 2047 1173 erunt.

218 1196 275 1231 De
301 1207 438 1231 casuum
463 1198 576 1230 autem
602 1192 758 1229 doctrina
782 1193 813 1228 si
839 1192 970 1241 agitur,
1003 1204 1072 1228 non
1099 1192 1208 1229 solum
1235 1193 1521 1230 substantivorum
1547 1207 1671 1241 casus,
1706 1194 1767 1231 sed
1793 1208 1892 1232 casus
1918 1196 1953 1232 in
1979 1197 2048 1231 uni-

219 1266 357 1289 versum
383 1251 584 1288 tractandos
612 1263 706 1296 esse,
733 1250 817 1286 ultro
843 1255 948 1299 patet.

316 1310 394 1349 Jam
419 1321 516 1361 quum
542 1308 624 1344 mihi
650 1308 696 1343 sit
720 1308 929 1357 propositum
956 1308 1108 1344 scribere
1135 1307 1177 1344 de
1193 1309 1332 1357 syntaxi
1355 1309 1579 1357 antiquiorum
1601 1310 1804 1359 scriptorum
1822 1309 2049 1347 Romanorum

221 1370 262 1404 ab
288 1368 396 1403 initiis
421 1367 561 1416 linguae
587 1377 693 1414 usque
721 1364 763 1400 ad
788 1364 832 1402 P.
857 1364 1061 1401 Terentium
1088 1365 1224 1412 Afrum,
1250 1366 1313 1401 hac
1340 1365 1512 1402 scribendi
1538 1368 1792 1416 opportunitate
1818 1368 1929 1404 oblata
1953 1369 2050 1404 trium

221 1427 366 1475 capitum
393 1425 552 1473 syntaxis
580 1424 880 1469 substantivorum,
920 1435 1005 1471 quae
1031 1428 1110 1474 sunt
1134 1423 1175 1459 de
1201 1424 1341 1460 notione
1368 1424 1585 1470 substantivi,
1620 1424 1661 1460 de
1688 1425 1761 1461 eius
1787 1437 1926 1461 numero
1954 1432 2050 1474 atque

221 1484 263 1519 de
289 1483 438 1528 casibus,
465 1481 662 1531 speciminis
686 1481 762 1516 loco
788 1481 942 1516 tractabo
968 1481 1122 1530 primum.

602 1598 716 1657 De
767 1595 1109 1656 notione
1159 1595 1674 1658 substantivi.

319 1713 356 1748 ln
385 1712 523 1761 syntaxi
548 1711 590 1747 de
617 1712 820 1747 substantivi
845 1712 986 1746 notione
1014 1717 1138 1746 tantum
1163 1724 1204 1747 ea
1223 1711 1399 1747 tractanda
1425 1718 1516 1756 sunt,
1543 1724 1628 1759 quae
1655 1711 1696 1747 ad
1722 1723 1816 1747 usum
1844 1713 2048 1760 singularem

222 1782 389 1821 generum
419 1769 626 1817 quorundam
653 1769 956 1813 substantivorum,
983 1769 1038 1815 qui
1063 1769 1182 1803 iterum
1200 1776 1298 1816 atque
1317 1769 1454 1818 saepius
1471 1769 1655 1818 reperitur,
1682 1772 1849 1819 spectant,
1875 1782 1942 1805 non
1968 1782 2049 1808 vero

223 1828 497 1878 significationes
525 1827 721 1876 singulares
748 1827 959 1875 singulorum
987 1827 1286 1872 substantivorum,
1312 1840 1394 1875 quas
1421 1839 1621 1863 enumerare
1638 1827 1866 1874 lexicologiae
1892 1835 1957 1872 est,
1984 1842 2049 1864 non

223 1887 404 1935 syntaxis,
439 1897 633 1933 quamquam
660 1896 728 1920 non
753 1889 868 1933 potest
894 1885 1031 1932 negari,
1057 1884 1092 1918 in
1117 1884 1179 1919 hac
1205 1884 1282 1934 ipsa
1306 1892 1403 1934 parte
1428 1885 1669 1932 grammaticae
1694 1884 1780 1919 fines
1807 1888 1904 1931 atque
1930 1884 2050 1922 limites

223 1946 399 1992 utriusque
426 1943 601 1978 doctrinae
634 1955 702 1978 non
728 1954 833 1991 posse
859 1947 924 1977 tam
952 1949 1109 1977 accurate
1135 1943 1295 1978 constitui
1321 1949 1355 1977 et
1379 1942 1476 1990 quasi
1501 1942 1747 1986 circumscribi,
1781 1947 1816 1976 ut
1846 1954 1914 1976 non
1948 1944 2049 1979 inter-

223 2003 299 2037 dum
334 2000 423 2038 haud
455 2011 564 2045 pauca
591 1999 625 2034 in
652 1999 790 2047 syntaxi
816 1998 1108 2034 commemoranda
1141 2000 1229 2044 sint,
1269 2011 1353 2046 quae
1385 1999 1525 2048 proprie
1550 1998 1592 2034 ad
1624 1999 1759 2034 lexicon
1785 1999 1964 2046 pertinent.
2015 2003 2050 2036 Si

223 2072 308 2096 vero
336 2059 531 2094 immensam
559 2057 859 2102 substantivorum,
893 2061 1055 2104 quotquot
1081 2063 1172 2101 sunt,
1207 2057 1337 2104 copiam
1363 2056 1621 2105 perlustramus,
1648 2055 1749 2091 facile
1775 2056 1959 2103 poterimus
1986 2058 2049 2093 duo

221 2117 406 2166 praecipue
432 2126 562 2162 genera
587 2125 702 2149 eorum
729 2113 941 2159 discernere,
977 2126 1113 2161 quorum
1147 2126 1246 2148 unum
1281 2114 1492 2149 substantiva
1524 2113 1635 2161 magis
1671 2112 1830 2162 specialis
1857 2117 1954 2160 atque
1981 2115 2049 2150 sin-

222 2174 368 2223 gularis,
396 2172 535 2208 alterum
562 2171 672 2219 magis
698 2171 874 2219 generalis
901 2171 1167 2219 significationis
1195 2171 1437 2220 complectitur.
1500 2170 1576 2206 Jam
1611 2183 1692 2206 usus
1718 2170 1861 2204 maxime
1888 2182 2049 2206 memora-

224 2232 302 2266 bilis
329 2236 364 2264 et
389 2241 470 2278 prae
497 2228 624 2264 ceteris
651 2228 790 2276 dignus,
816 2229 870 2276 qui
896 2229 928 2263 in
956 2228 1212 2264 adumbratione
1248 2229 1345 2263 huius
1382 2228 1488 2277 partis
1516 2227 1674 2276 syntaxis
1701 2226 1827 2262 latinae
1853 2239 2049 2264 commemo-

223 2294 331 2332 retur,
358 2287 413 2335 qui
440 2286 538 2322 etiam
566 2286 732 2321 latissime
758 2291 864 2335 patet,
891 2286 944 2322 hic
971 2292 1038 2331 est,
1066 2293 1100 2322 ut
1125 2299 1187 2335 pro
1208 2287 1402 2321 notionibus
1419 2285 1650 2333 singularibus
1669 2284 1843 2333 generalis
1869 2286 1977 2332 magis
2004 2288 2050 2321 si-

223 2344 454 2394 gnificationis
483 2344 709 2389 substantiva,
744 2355 882 2391 quorum
909 2344 1053 2379 ambitus
1079 2343 1181 2379 latius
1208 2348 1313 2393 patet,
1340 2343 1425 2379 haud
1452 2355 1532 2378 raro
1560 2348 1775 2392 usurpentur.
1825 2341 1872 2376 At
1898 2343 1966 2378 noli
1991 2355 2049 2393 pu-

223 2410 310 2449 tare,
336 2415 388 2438 me
416 2402 468 2437 his
496 2401 624 2437 duobus
652 2402 938 2438 substantivorum
969 2402 1175 2450 generibus,
1209 2401 1284 2437 dico
1319 2402 1428 2450 magis
1462 2401 1636 2449 generalis
1671 2404 1706 2436 et
1730 2400 1839 2446 magis
1866 2400 2050 2448 singularis

223 2460 503 2509 significationiS,
529 2460 627 2509 plane
655 2459 771 2495 eadem
798 2459 885 2496 velle
911 2459 1118 2509 exprimere,
1153 2472 1236 2508 quae
1262 2461 1294 2495 in
1322 2459 1599 2509 philosophorum
1626 2469 1783 2495 sermone
1816 2458 1994 2494 abstracta
2018 2465 2053 2495 et

221 2525 385 2554 concreta
411 2517 584 2561 dicuntur3
611 2530 686 2553 nam
712 2517 825 2564 figura
850 2517 908 2552 illa
932 2518 1126 2561 notissima,
1153 2529 1217 2564 qua
1243 2518 1445 2553 abstractum
1466 2528 1528 2564 pro
1547 2521 1707 2552 concreto
1731 2514 1879 2562 ponitur,
1905 2516 2052 2564 pertinet

222 2574 353 2623 quidem
386 2575 450 2611 huc
477 2575 591 2621 etiam,
625 2576 715 2623 quia,
751 2575 782 2610 si
815 2575 1018 2611 abstractum
1052 2575 1189 2623 ponitur
1222 2587 1283 2623 pro
1311 2579 1493 2620 concreto,
1528 2575 1605 2610 item
1640 2585 1701 2622 pro
1729 2572 1838 2619 magis
1866 2573 2051 2621 singularis
