2317 3047
339 309 415 346 Jam
440 307 483 344 ad
507 308 711 344 contrarium
722 307 832 359 xeins,
866 318 961 353 quem
985 306 1148 342 hactenus
1174 306 1421 354 spectavimus,
1448 318 1541 342 usum
1566 319 1628 342 nos
1654 310 1911 351 convertamus,
1937 306 1968 341 si
1991 318 2054 355 pro

244 368 354 416 magis
380 364 553 415 generalis
578 363 730 400 notionis
756 362 976 398 substantivis
1003 361 1190 411 singularis
1214 361 1324 410 magis
1350 362 1612 410 significationis
1635 366 1806 411 ponuntur
1830 362 1893 408 (de
1908 361 2053 399 Graecis

245 425 321 462 vide
347 422 477 460 Bernh.
501 435 534 472 p.
560 423 619 458 50.
646 421 752 469 sqq.].
801 418 900 464 Quod
924 424 981 456 aut
1003 420 1052 455 ita
1075 419 1152 455 fieri
1174 422 1308 468 potest,
1345 424 1381 455 ut
1408 421 1461 457 rei
1493 419 1548 455 vel
1573 419 1716 456 hominis
1740 419 1938 457 vocabulum
1962 433 2054 469 sym-

244 482 355 520 bolice
380 480 478 528 quasi
500 483 646 528 ponatur
669 490 731 526 pro
757 477 897 513 alterius
921 477 974 513 rei
1005 478 1061 513 vel
1096 477 1243 513 hominis
1271 476 1454 522 vocabulo,
1486 477 1529 513 ad
1562 475 1650 524 quod
1681 477 1898 525 qualicunque
1922 478 2055 513 ratione

242 540 412 591 pertinet,-
428 540 485 573 aut
507 536 569 582 ita,
594 538 631 571 ut
653 534 689 570 id
713 534 969 580 substantivum,
994 533 1082 582 quod
1104 533 1252 584 positum
1278 538 1345 579 est,
1369 538 1497 582 partem
1513 534 1618 570 totius
1633 533 1700 580 rei,
1725 545 1808 582 quae
1828 534 2055 584 significatur,

244 602 280 635 et
304 609 378 634 eam
401 594 546 644 quidem,
572 592 614 629 de
640 604 704 641 qua
727 592 940 641 potissimum
965 592 1091 640 agitur,
1116 590 1287 639 designet.
1336 590 1408 627 Sed
1432 591 1496 627 hoc
1521 591 1659 627 alterum
1683 595 1796 627 tamen
1819 592 1883 628 tale
1906 598 1975 639 est,
2006 598 2057 637 ut,

244 659 343 705 prout
366 665 437 689 rem
462 655 611 700 spectes,
636 649 725 685 haud
748 661 828 685 raro
852 648 965 698 possit
989 648 1089 684 etlam
1115 648 1158 683 ad
1182 660 1277 684 usum
1298 648 1447 698 priorem
1464 647 1554 683 illum
1578 660 1599 684 a
1621 649 1720 685 nohis
1737 648 1962 699 explanatum,
1987 661 2056 699 qno

244 713 353 761 magis
379 708 554 759 generalis
579 707 730 743 notionis
756 706 967 743 substantiva
999 718 1062 756 pro
1096 705 1281 755 singularis
1306 706 1415 753 magis
1442 711 1664 755 usurpantur,
1699 706 1838 743 referri.
1890 706 1930 743 Si
1951 709 2054 753 enim,

243 777 279 806 ut
302 771 366 805 hoc
392 773 479 812 utar,
503 766 615 801 Plaut.
639 765 749 801 Poen.
774 765 802 809 1,
826 766 863 809 2,
890 765 970 799 153.
993 763 1101 799 amica
1124 763 1246 799 dicitur
1276 764 1318 798 ab
1352 768 1501 798 amatore
1534 775 1630 798 meuc
1659 766 1807 809 ocella,
1840 768 1899 800 aut
1920 765 1967 800 ita
1988 766 2054 801 hoc

245 831 358 876 potest
382 823 545 873 spectari,
569 828 606 858 ut
630 821 837 870 significatio
864 821 961 868 quasi
984 820 1085 856 latius
1110 824 1230 869 patens
1255 820 1404 869 fingatur
1423 820 1535 865 ocelli,
1558 819 1602 855 ad
1626 832 1719 868 quam
1735 821 1853 858 'amica
1876 821 1935 857 illa
1957 823 2054 858 etiam

244 883 434 927 referatur,
467 892 551 928 quae
587 883 642 915 est
665 878 782 929 pulcra
807 877 907 914 ocelli
931 877 1041 913 instar
1065 876 1208 925 ideoque
1232 877 1309 927 ipsa
1333 876 1462 913 ocellus
1486 876 1695 927 appellatur,
1727 883 1784 915 aut
1805 878 1877 925 ita,
1909 884 1945 914 ut
1975 891 2054 928 pars

245 941 318 977 eius
343 951 405 990 pro
430 942 502 974 tota
525 938 640 987 posita
664 937 722 983 sit,
748 941 782 972 et
805 935 961 984 quoniam
985 934 1112 971 ocellus
1137 935 1212 971 eius
1237 935 1379 971 amatori
1401 939 1484 985 prae
1509 935 1637 972 ceteris
1660 936 1801 972 maxime
1823 927 1948 986 placet,
1979 937 2056 986 ipsa

245 997 372 1034 ocellus
397 996 538 1032 dicatur.
588 994 794 1042 Quamquam
819 999 928 1029 autem
950 992 1009 1027 illa
1032 993 1120 1028 ratio
1146 992 1336 1042 explicandi
1352 993 1463 1041 magis
1479 993 1560 1029 mihi
1583 993 1758 1042 probatur,
1783 998 1894 1032 tamen
1917 995 1975 1040 iis,
2001 995 2056 1043 qui

168 1052 174 1061 “
246 1052 331 1092 hanc
355 1052 616 1105 praeferendam
640 1051 776 1098 ducunt,
802 1063 863 1087 eos
888 1050 986 1087 locos
1010 1049 1204 1098 Plautinos,
1229 1062 1313 1099 quos
1338 1050 1405 1087 iam
1430 1050 1539 1098 attuli,
1563 1050 1599 1087 in
1624 1050 1741 1100 quibus
1762 1052 1953 1102 ambiguum
1976 1065 2057 1089 esse

243 1118 370 1163 potest,
395 1117 471 1149 utro
506 1111 604 1148 modo
639 1111 707 1146 sint
738 1108 949 1158 accipiendi,
982 1109 1133 1144 breviter
1163 1112 1323 1157 repetam.
1377 1110 1540 1158 Spectant
1563 1109 1627 1144 huc
1651 1109 1761 1145 Poeu.
1785 1111 1813 1155 l,
1835 1113 1871 1156 2,
1899 1112 1978 1146 158.
2003 1123 2055 1158 sq.

244 1173 401 1217 (ocellus,
425 1170 602 1213 labellum,
633 1168 717 1213 cor).
744 1180 775 1204 v.
801 1168 880 1203 109.
905 1167 1006 1212 (cor).
1039 1177 1070 1202 v.
1097 1166 1177 1204 172.
1209 1166 1366 1213 (ocellus,
1398 1167 1577 1213 labellum,
1608 1167 1758 1215 lingua).
1783 1170 1860 1205 no.
1886 1170 1977 1216 (eor,
2002 1171 2055 1205 la-

244 1231 382 1274 bellum,
414 1226 567 1275 lingua).
600 1227 682 1262 182.
715 1225 876 1272 (oculus).
908 1224 1010 1261 Pers.
1035 1222 1081 1270 V,
1107 1226 1141 1269 l,
1168 1225 1226 1262 18.
1252 1226 1384 1270 (owlnoe
1406 1226 1535 1270 meus).
1566 1225 1667 1261 Asin.
1691 1227 1749 1270 ΙΙΙ,
1773 1227 1808 1271 8,
1831 1228 1890 1262 ⁷4.
1916 1229 2056 1271 oceane,

244 1286 388 1330 anime).
414 1297 448 1322 v.
474 1286 554 1320 101.
580 1283 749 1330 (ocellus).
773 1281 912 1330 Fragm.
936 1280 1062 1316 Bacch.
1087 1293 1120 1330 p.
1144 1282 1229 1327 488,
1253 1293 1288 1316 v.
1314 1284 1371 1318 10.
1395 1282 1497 1329 (eor).
1525 1281 1650 1317 Pseud.
1675 1283 1701 1328 Ι,
1727 1285 1763 1328 2,
1785 1284 1841 1319 40.
1868 1296 1919 1332 sq.
1939 1286 2057 1330 (onai,

244 1345 454 1380 mammillae
468 1342 653 1386 mellitae).
702 1339 809 1376 Most.
835 1341 862 1385 Ι,
886 1341 921 1382 4,
946 1340 1001 1374 12.
1025 1340 1202 1384 (occluso).
1253 1337 1336 1375 Cas.
1351 1338 1415 1384 lv,
1440 1342 1476 1384 4,
1504 1342 1561 1376 14.
1587 1340 1799 1387 (corculum).
1823 1340 1950 1377 Addam
1967 1342 2055 1378 alios

245 1401 355 1446 locos,
381 1400 437 1447 qui
459 1400 524 1435 huc
548 1398 717 1447 pertinent
741 1397 942 1431 certissime.
992 1395 1094 1431 Ennii
1119 1396 1230 1431 annal.
1256 1395 1278 1430 l.
1302 1394 1384 1441 Vll,
1410 1409 1442 1433 v.
1464 1398 1531 1432 25:
1556 1398 1751 1433 Rumam
1775 1400 1967 1443 (rotomum
1992 1399 2055 1444 al.)

235 1459 454 1505 fraudes,
480 1449 515 1492 h.
541 1468 571 1491 e.
597 1455 715 1491 silvae.
765 1453 814 1490 ld.
841 1453 933 1489 Med.
959 1453 1002 1489 fr.
1030 1456 1097 1489 11:
1131 1453 1285 1497 salvete,
1311 1456 1445 1499 optima
1467 1466 1661 1501 corpora
1685 1457 1847 1505 (corpora
1871 1456 2054 1494 liberorum

244 1515 421 1558 Medeae).
469 1514 579 1548 Plaut.
606 1512 705 1560 Epid.
733 1514 759 1556 Ι,
788 1515 820 1556 1,
845 1514 912 1547 86:
942 1514 1050 1555 plane
1074 1513 1137 1546 hoc
1159 1517 1393 1555 corruptumst
1423 1519 1580 1557 caput,
1615 1512 1657 1548 ad
1682 1525 1712 1560 q.
1734 1513 1756 1548 l.
1781 1513 1905 1549 Grom:
1940 1515 1992 1559 „i.
2019 1527 2051 1550 e.

244 1585 320 1620 ego.
348 1572 465 1617 eaput
490 1582 551 1620 pro
578 1570 709 1605 homine
736 1569 931 1604 usitatum-‘⁶
981 1568 1080 1604 Asin.
1106 1569 1149 1614 ΙΙ,
1173 1571 1210 1614 4,
1234 1569 1300 1603 89:
1336 1568 1485 1614 Seibmrt,
1524 1571 1626 1606 huic
1657 1576 1695 1607 te
1724 1573 1928 1616 capitulo
1951 1573 2053 1608 lodie

244 1632 435 1666 Facturum
458 1632 547 1664 satis
565 1641 632 1675 pro
657 1630 795 1663 iniuria.
845 1626 952 1662 Stich.
979 1626 1024 1671 V,
1048 1627 1086 1671 5,
1112 1629 1177 1661 1οε
1200 1629 1304 1673 fugit
1327 1628 1404 1662 hoc
1427 1628 1572 1663 libertae
1602 1635 1746 1674 caput.
1792 1628 1901 1665 Poen.
1925 1631 1984 1675 Ill,
2015 1631 2055 1675 8,

244 1690 312 1723 32:
340 1689 492 1733 capiti
513 1691 671 1722 vostro
694 1688 784 1720 istuc
797 1675 965 1731 quidem.'
995 1683 1084 1720 Rud.
1104 1684 1161 1729 ΙΙΙ,
1184 1685 1221 1729 6,
1246 1685 1310 1720 47:
1336 1687 1422 1720 isti
1442 1687 1594 1730 capiti
1616 1687 1846 1733 dicito.111,2,
1867 1688 1929 1722 11:
1953 1698 2054 1723 mm

247 1768 290 1791 -7
315 1751 436 1791 eaput,
461 1760 505 1774 =
532 1755 581 1778 se.
609 1742 703 1778 Men.
729 1741 775 1787 V,
799 1744 835 1788 2,
859 1744 925 1779 88:
957 1755 1035 1777 vae
1065 1744 1217 1787 capiti
1245 1748 1340 1787 tuo,
1373 1742 1402 1777 h.
1429 1754 1460 1778 e.
1486 1743 1558 1779 tibi.
1581 1742 1646 1790 111,
1670 1745 1706 1789 2,
1736 1745 1794 1781 47.
1817 1743 1968 1780 Mostell.
1994 1744 2052 1790 lv,

248 1806 285 1849 3,
313 1806 369 1838 lo.
394 1802 471 1839 Mil.
496 1800 544 1846 ΙΙ,
568 1802 604 1845 3,
628 1802 686 1835 55.
712 1799 778 1845 ΠΙ,
805 1802 839 1846 1,
864 1801 953 1834 181:
991 1798 1023 1833 0
1047 1801 1243 1844 lepidum
1268 1806 1411 1845 caput.
1459 1798 1550 1836 Rud.
1575 1800 1623 1847 ll,
1645 1803 1682 1846 8,
1705 1801 1770 1835 44:
1806 1802 1877 1838 Vae
1907 1804 2056 1849 copiti

246 1868 353 1908 atque
377 1861 493 1896 aetati
515 1865 609 1894 tuae.
658 1857 761 1895 Pers.
786 1859 829 1902 ΙΙ,
855 1859 891 1903 2,
915 1858 957 1892 2:
995 1859 1067 1893 Ain
1090 1870 1188 1901 vero,
1220 1859 1478 1894 verbereum
1509 1863 1671 1904 eaput?
1700 1860 1825 1898 Pseud.
1849 1860 1897 1906 11,
1921 1862 1958 1907 4,
1982 1864 2051 1898 88:

244 1919 415 1965 siquidem
438 1918 517 1952 hoc
541 1918 633 1951 vivet
657 1920 814 1961 caput,
840 1915 872 1950 h.
899 1926 931 1951 e.
956 1926 1035 1962 ego.
1060 1914 1186 1950 Bacch.
1212 1914 1277 1960 111,
1301 1915 1338 1960 5,
1362 1916 1404 1950 8:
1430 1916 1524 1952 Nam
1547 1918 1638 1952 illud
1661 1920 1827 1954 animus
1849 1930 1966 1956 meuc
1987 1923 2052 1957 mi-

245 1982 360 2018 ratur,
385 1974 419 2011 h.
446 1986 476 2010 e.
503 1986 583 2022 ego.
608 1972 697 2009 Rud.
716 1972 782 2018 llI,
801 1975 836 2018 1,
854 1974 919 2008 22:
945 1975 1120 2009 animus
1143 1975 1260 2009 mirat-
1287 1971 1413 2008 Bacch.
1433 1973 1480 2019 11,
1497 1975 1533 2019 8,
1557 1975 1599 2009 8:
1625 1989 1742 2012 meus
1754 1978 1930 2021 formidat
1953 1982 2053 2014 ani-

245 2044 347 2070 mus.
375 2031 484 2066 Stich.
502 2030 531 2074 I,
550 2033 585 2076 1,
610 2032 675 2065 2οε
701 2042 769 2065 neu
793 2036 873 2065 tuo
897 2032 1041 2065 animo
1064 2030 1103 2064 id
1122 2032 1194 2073 fac,
1220 2030 1321 2073 Quod
1337 2032 1403 2066 tibi
1416 2035 1743 2079 lampatersaoere
1756 2036 1919 2070 mindun.
1947 2033 2053 2072 Cure.

245 2090 289 2136 V,
314 2091 348 2130 2,
374 2090 409 2125 8.
433 2101 582 2135 gemma,
607 2088 639 2124 h.
665 2100 695 2124 e.
722 2086 854 2125 anulus.

344 2145 579 2181 Transeamus
605 2144 647 2180 ad
672 2145 765 2194 prius
791 2143 872 2179 illud
896 2143 983 2192 quod
1008 2156 1242 2195 posueramus,
1270 2145 1302 2180 si
1324 2146 1418 2181 notio
1444 2146 1626 2195 singularis
1645 2147 1827 2196 symbolice
1851 2160 1915 2198 pro
1941 2151 2053 2200 magis

247 2203 401 2254 generali
426 2202 541 2250 posita
565 2207 631 2246 est,
657 2202 812 2251 quoniam
837 2201 879 2238 ad
901 2214 973 2238 eam
1000 2202 1217 2251 qualicunque
1242 2202 1374 2239 ratione
1398 2204 1555 2253 pertinet.
1603 2203 1663 2241 Sic
1678 2205 1846 2242 nonnullis
1871 2206 1958 2244 locis
1983 2221 2052 2245 ma-

249 2263 336 2298 teria
360 2261 482 2298 dicitur
505 2271 579 2310 pro
595 2260 713 2307 rebus,
737 2272 824 2308 quae
848 2272 892 2296 ex
916 2261 1059 2297 materia
1082 2261 1140 2297 illa
1164 2260 1399 2307 conficiuntur,
1433 2261 1522 2297 velut
1546 2259 1646 2299 Cure.
1672 2262 1736 2309 111,
1759 2275 1793 2301 v.
1818 2265 1885 2301 4⁰:
1919 2269 2056 2315 „plevi

245 2327 342 2356 totas
365 2331 496 2357 cerae
520 2325 700 2367 quattuor,
726 2319 758 2355 h.
788 2331 818 2354 e.
846 2324 980 2355 ceratas
1006 2319 1161 2365 tabellas,
1188 2324 1222 2356 et
1242 2320 1360 2369 Amph.
1385 2319 1415 2361 1,
1442 2322 1475 2365 1,
1503 2321 1578 2356 185.
1604 2326 1657 2356 est
1687 2333 1793 2357 corma
1824 2334 1888 2372 pro
1923 2324 2054 2361 laterna

244 2390 437 2416 cornea.—
461 2376 549 2413 Rud.
567 2376 632 2422 ΙΙΙ,
649 2378 685 2422 6,
706 2378 770 2411 11:
797 2380 928 2413 vicinus
957 2378 1163 2421 Veneris,
1188 2377 1221 2415 h.
1248 2389 1278 2413 e.
1304 2377 1379 2413 aedi
1404 2376 1562 2414 Veneris.
1589 2378 1709 2427 Amph.
1724 2378 1752 2423 Ι,
1778 2381 1813 2425 1,
1839 2383 1920 2418 190.
1952 2383 2052 2419 Vol-

246 2446 354 2471 canus
377 2434 497 2471 dictum
523 2438 577 2470 est
600 2446 663 2483 pro
689 2433 784 2482 igne,
810 2434 889 2470 item
914 2434 993 2470 Aul.
1017 2433 1066 2480 11,
1090 2435 1127 2480 0,
1155 2437 1210 2471 10.
1234 2434 1322 2471 Rud.
1346 2434 1411 2480 111,
1436 2438 1471 2480 4,
1495 2428 1552 2471 54.
1576 2454 1620 2461 —
1645 2434 1717 2471 Mil.
1746 2438 1772 2482 l,
1799 2439 1833 2483 l,
1858 2440 1922 2474 22:
1952 2442 2051 2487 glo·

244 2496 414 2528 riarum
433 2495 635 2539 pleniorem,
660 2492 691 2527 h.
711 2504 741 2528 e.
757 2493 1015 2538 gloriationum.
1041 2491 1115 2528 Mil.
1133 2492 1198 2538 111,
1216 2498 1249 2537 1,
1267 2494 1331 2527 53:
1358 2494 1442 2528 Post
1456 2494 1586 2537 Ephesi
1598 2505 1674 2528 eum
1690 2500 1807 2537 mus,
1830 2508 1900 2532 non
1913 2500 2051 2542 eumn)

300 2588 365 2649 ²²⁹)⁸
374 2614 422 2643 Sic
441 2614 618 2647 Riuchelins.

1784 2659 1807 2692 2
