2317 3047
276 294 313 325 t'n
339 291 516 335 Apulis.
565 289 666 325 Pers·
690 287 754 333 lv,
777 291 815 334 Ἰ,
839 292 880 324 8:
906 300 972 335 quo
994 290 1096 324 illm
1117 291 1267 336 aequor?
1288 289 1334 323 In
1356 290 1534 324 Penas.
1583 289 1659 326 Mil.
1684 291 1727 335 11,
1751 292 1787 335 2,
1811 292 1871 327 83.
1898 303 1936 326 oe
1965 296 2018 326 est
2045 290 2095 327 di-

279 352 365 382 ctum
382 356 445 394 pro
462 345 690 392 bip-dmin,
715 344 795 381 item
812 344 956 380 Terent.
973 343 1063 381 Eun.
1078 343 1136 392 lV,
1151 347 1187 392 7,
1203 347 1262 382 86.
1287 346 1346 391 (οι
1369 345 1522 390 darm).
1547 346 1595 383 lb.
1612 347 1735 385 Heaut.
1751 346 1797 393 ll,
1819 350 1852 394 l,
1869 349 1904 383 2.
1931 359 1955 384 o
1965 350 2093 396 pueris,

278 405 310 439 h.
337 415 369 440 e.
395 415 416 439 a
440 401 592 452 pueritia.
618 400 689 448 m,
708 404 743 443 8,
768 404 809 438 τι
840 402 901 437 Vel
924 403 1001 438 lteri
1023 405 1061 438 δη
1082 405 1203 448 vino,
1228 415 1331 449 quam
1354 404 1579 439 medeam
1592 406 1712 450 suisti,
1737 406 1771 443 h.
1796 418 1824 441 e.
1850 407 1939 441 inter
1963 405 2096 454 pocula,

280 474 314 496 in
341 470 510 497 convivio.

374 516 449 553 Jan
475 518 712 550 convertamus
737 525 802 550 nos
827 515 871 551 ad
895 527 971 552 eum
997 528 1104 562 usum,
1139 526 1202 563 quo
1227 514 1293 551 duo
1320 516 1532 552 substantiva
1557 515 1600 553 ad
1623 529 1721 554 unam
1746 518 1916 554 notionem
1941 518 2092 555 efficien-

279 576 352 612 dam
377 574 468 610 inter
495 584 535 609 se
560 572 829 619 coniunguntur,
861 585 925 621 quo
950 573 1097 623 pertinet
1119 573 1260 622 primum
1282 572 1385 619 illud,
1424 573 1454 609 si
1486 573 1583 609 ambo
1618 574 1735 611 eodem
1761 587 1841 611 casu
1865 576 1978 625 posita
2002 582 2094 622 sunt,

272 635 322 669 ita
335 636 374 668 ut
391 630 536 667 alterum
553 629 660 666 altero
677 631 870 666 accuratius
896 631 1099 680 explicetur,
1125 642 1209 679 quae
1233 630 1340 678 vulgo
1365 630 1536 679 appositio
1561 630 1696 678 dicitnr,
1722 644 1806 681 quae
1831 638 1887 668 aut
1910 632 1987 668 talis
2014 645 2094 669 esse

274 692 414 740 potest,
446 691 484 725 ut
506 687 602 724 ambo
627 686 841 724 substantiva
865 688 900 724 in
925 700 1021 724 unam
1045 689 1216 724 notionem
1241 688 1455 734 coalescant,
1487 694 1545 724 aut
1569 689 1669 735 talis,
1708 695 1743 726 ut
1766 691 1924 726 attributa
1956 690 2008 726 rei
2041 691 2095 726 vel

270 746 421 784 homini·
439 743 688 793 cniusdanper
713 756 753 780 se
779 750 985 795 spectentur,
1010 745 1059 781 ita
1082 750 1117 781 ut
1142 749 1177 781 et
1202 750 1305 781 totum
1331 757 1394 795 per
1418 757 1457 781 se
1483 750 1518 781 et
1541 757 1603 782 eas
1628 747 1703 783 eius
1728 753 1844 797 partes
1871 752 1969 796 atque
1996 748 2092 784 attri-

275 806 373 851 buta,
398 803 440 840 de
463 802 584 850 quibus
606 802 819 851 potissimum
844 803 970 851 agitur,
996 803 1106 838 auimo
1132 802 1405 851 contemplemur.
1453 802 1543 838 Huic
1567 804 1755 851 posteriori
1782 805 2007 853 appositionis
2033 817 2092 853 ge-

276 863 367 908 neri,
393 861 502 909 utique
526 858 568 895 ab
593 855 661 895 illo·
678 859 816 909 priore,
850 860 881 895 si
906 859 1097 895 accuratius
1123 871 1194 895 rem
1220 863 1378 909 spectes,
1412 858 1570 906 diverso,
1602 859 1808 911 Bernhardy
1832 862 1867 898 in
1892 866 1982 911 synt.
2008 861 2092 911 ling.

278 932 395 969 graec.
421 931 452 967 p.
475 918 534 953 66.
560 912 640 953 κατ’
666 914 795 965 ἐξοχὴν
816 919 1036 964 apamien«
1059 919 1287 964 appositionis
1310 929 1433 953 nomen
1456 917 1584 954 tribuit.
1646 917 1717 954 Sed
1741 920 1836 967 prius
1862 920 1960 954 etiam
1984 931 2094 967 genus

277 975 502 1026 appositionis
528 974 651 1010 iterum
676 973 798 1023 duplex
821 985 902 1010 esse
926 978 1053 1023 potest,
1079 980 1137 1009 aut
1162 973 1317 1023 simplex,
1344 978 1379 1009 ut
1403 974 1498 1010 notio
1524 973 1686 1021 quaedam
1716 976 1890 1024 generalis
1915 976 2093 1024 singulari,

278 1046 362 1082 qnae
388 1037 442 1069 est
465 1032 498 1067 ei
523 1036 686 1080 cognata,
712 1030 902 1076 definiatur,
926 1035 984 1066 aut
1007 1030 1168 1067 audacius
1193 1031 1284 1076 ficta,
1309 1031 1357 1065 ita
1381 1036 1417 1065 ut
1439 1030 1529 1066 inter
1554 1043 1592 1066 se
1617 1031 1869 1080 coniungantur
1885 1033 2094 1067 substantiva

222 1132 226 1137 ³
279 1091 343 1126 duo
369 1089 498 1125 diversi
522 1088 622 1137 plane
646 1088 800 1136 generis,
825 1088 960 1123 minime
984 1088 1032 1123 ita
1056 1088 1147 1123 inter
1172 1100 1210 1123 se
1236 1091 1396 1135 cognata,
1422 1092 1458 1122 ut
1482 1086 1623 1122 alterum
1649 1088 1695 1123 sit
1720 1089 1854 1138 species
1879 1088 2017 1124 alterius
2034 1101 2091 1124 eo-

280 1158 342 1197 que
369 1144 685 1196 comprehendatur,
710 1144 771 1181 sed
794 1149 907 1181 tamen
927 1144 1006 1181 item
1031 1144 1079 1181 ita
1104 1150 1311 1195 comparata,
1336 1150 1373 1181 ut
1397 1144 1504 1181 altero
1523 1144 1735 1182 substantivo
1754 1145 1939 1194 singularis
1959 1147 2091 1196 species

279 1205 419 1241 alterins
444 1203 654 1251 designetur.
704 1202 952 1249 Simpliciorem
975 1203 1067 1238 illam
1092 1203 1233 1251 primum
1258 1207 1461 1251 spectemus.
1511 1202 1664 1238 Naevius
1686 1203 1729 1238 fr.
1753 1202 1910 1252 Lycurg.
1936 1205 1998 1239 18:
2022 1216 2091 1247 vos,

278 1265 340 1310 qni
362 1262 494 1309 regalis
516 1262 668 1308 eorporis
692 1260 869 1296 custodiae
893 1262 1057 1308 agitat-⁶⁸,
1082 1262 1134 1296 s’te
1153 1266 1313 1296 actutum
1328 1262 1364 1296 in
1379 1261 1593 1307 fruudnferoe
1608 1262 1723 1303 locon
1745 1263 1886 1307 eugenio
1909 1263 2093 1298 arbusta

274 1324 438 1356 vineta
467 1324 573 1364 emt,
607 1330 674 1353 non
698 1319 828 1361 obsito,
861 1317 905 1353 ad
929 1330 960 1366 q.
984 1317 1007 1354 1.
1032 1317 1186 1353 Klussm.
1212 1329 1245 1367 p.
1273 1319 1361 1353 121:
1389 1319 1574 1364 „Ar-busta
1597 1320 1716 1353 emeca
1741 1318 1828 1354 bene
1853 1330 1932 1354 sese
1957 1319 2092 1365 habent,

277 1390 351 1414 cum
372 1379 492 1413 vineta
516 1380 575 1412 aut
599 1375 830 1425 appositionis·
847 1380 905 1411 aut
930 1374 1087 1411 adiectivi
1112 1375 1187 1411 vice
1211 1375 1415 1424 fungatur.“
1466 1377 1502 1411 ln
1526 1375 1605 1423 lege
1629 1375 1759 1410 Numae
1785 1387 1838 1425 ap.
1867 1374 1952 1412 Gell.
1972 1375 2035 1422 IV,
2059 1378 2093 1413 8.

277 1435 428 1484 (Egger.
462 1446 609 1471 monum.
638 1439 704 1469 vet.
738 1433 821 1469 Lat.
847 1432 944 1480 reliq.
970 1445 1003 1481 p.
1028 1434 1104 1476 82.)
1130 1437 1202 1468 est:
1244 1445 1400 1469 acuum
1427 1435 1665 1478 foeminam
1698 1434 1841 1468 caeduo.
1898 1433 1940 1477 Q.
1966 1434 2093 1470 Fabius

275 1493 397 1528 Pictor
420 1492 456 1527 in
480 1490 658 1527 annalibus
690 1495 725 1526 et
755 1490 887 1526 Ennius
921 1502 993 1525 sec.
1026 1488 1165 1534 Quintil.
1194 1490 1223 1536 Ι,
1248 1492 1285 1535 6,
1311 1493 1369 1525 10.
1404 1492 1507 1537 lupus
1519 1492 1659 1536 femina
1684 1489 1853 1535 dixerunt,
1879 1495 1914 1525 ut
1938 1489 2024 1527 Cato
2049 1491 2093 1528 Β.

278 1549 324 1586 Β.
349 1562 380 1585 c.
405 1549 486 1585 124.
507 1560 615 1596 porco
633 1550 776 1593 semitm.
779 1545 866 1583 Cato
891 1546 1319 1583 Β.Β.ο.17;Βοῠυι
1342 1550 1577 1593 materies,
1603 1550 1688 1582 item
1709 1560 1775 1593 pro
1798 1548 1921 1590 ridica,
1945 1549 2005 1583 ubo*
2024 1551 2091 1584 sol·

276 1610 416 1643 etitt’mn
431 1607 547 1651 fiaen‘t
571 1606 622 1641 ad
645 1606 810 1648 brumam,
834 1617 970 1651 semper
994 1608 1200 1652 tempeetwa
1223 1611 1288 1640 est.
1338 1605 1382 1642 H.
1409 1604 1432 1640 l.
1457 1607 1621 1640 materies
1646 1609 1700 1640 est
1725 1604 1894 1653 appositio
1919 1605 2012 1640 vocis
2037 1618 2091 1640 ro-

277 1666 352 1710 bus,
391 1665 465 1701 als
490 1663 659 1709 9211}on
708 1661 795 1699 Voci
818 1665 985 1698 natones
1008 1660 1050 1698 ἐκ
1075 1659 1317 1710 παραλλήλου
1342 1663 1487 1711 positum
1513 1668 1566 1697 est
1585 1675 1652 1708 pro
1675 1663 1798 1697 ridica.
1852 1660 1961 1696 Recte
1986 1662 2091 1710 expli-

277 1726 333 1756 cat
357 1719 609 1756 Schneiderus:
646 1731 746 1764 „cum
771 1718 814 1754 ad
839 1720 1013 1755 materiam
1038 1731 1099 1754 seu
1124 1717 1308 1765 fabricam,
1343 1723 1410 1754 tum
1436 1719 1478 1755 ad
1502 1718 1642 1759 ridicas
1700 1718 1819 1754 Rohus
1853 1729 1914 1753 seu
1950 1730 2091 1766 quercus

277 1778 431 1816 fabricae
457 1783 490 1813 et
513 1776 640 1813 ridicae
665 1776 837 1813 materiam
863 1777 1043 1826 praebet.“
1069 1775 1154 1826 Cap.
1180 1778 1218 1823 Ἰ,
1243 1779 1277 1813 4.
1303 1783 1357 1813 est
1390 1778 1538 1813 orchites
1570 1779 1676 1819 oleae,
1708 1776 1788 1811 item
1814 1787 1884 1823 cap.
1913 1777 1976 1811 20.
2017 1778 2091 1813 Mo·

277 1839 389 1872 illotos
412 1839 449 1871 t'n
474 1837 564 1870 orbi·
588 1837 765 1880 oleaginos
788 1847 833 1869 es
864 1836 1041 1869 orcle-'te
1073 1837 1174 1869 olea
1195 1837 1325 1880 facito.
1381 1835 1489 1881 Lapis
1512 1836 1601 1869 cites
1625 1844 1729 1882 saepe
1754 1832 1876 1867 dicitur
1900 1843 1921 1866 a
1946 1830 2091 1880 Catone,

275 1899 311 1930 ut
334 1886 379 1933 Β
405 1892 450 1929 Β.
475 1905 503 1929 c.
529 1893 588 1929 18.
613 1893 748 1939 lepode-
770 1894 896 1929 es'lt‘cee.
946 1890 989 1928 C.
1016 1894 1085 1928 2⁰:
1118 1893 1269 1939 dig-'tum
1296 1894 1470 1940 pollicem.
1522 1890 1609 1940 Cap.
1633 1894 1675 1927 8;
1710 1891 1843 1926 Flcoe
1873 1894 2092 1926 mariscae

276 1955 313 1987 ἔνι
337 1954 412 1986 loco
436 1952 734 2000 cretone-werico,
760 1950 829 1994 nbi,
853 1953 890 1984 ut
914 1948 1001 1998 apud
1025 1949 1208 1995 Linneum,
1239 1949 1333 1998 prius
1359 1949 1603 1984 substantivum
1628 1959 1752 1996 genus,
1777 1946 1917 1982 alterum
1945 1940 2092 1996 speciem

275 2009 411 2058 plantae
444 2006 628 2055 significat.
659 2006 771 2045 Plaut.
801 2005 901 2042 Asin.
929 2006 977 2052 ΙΙ,
1011 2008 1047 2052 4,
1081 2008 1148 2043 ⁶4:
1181 2008 1350 2042 hommem
1380 2019 1523 2042 semem.
1578 2005 1679 2054 Epid.
1705 2007 1731 2045 l,
1759 2007 1791 2048 l,
1815 2005 1872 2038 58.
1906 2005 1963 2048 Ill,
1989 2007 2023 2049 1,
2055 2007 2089 2040 ἵ.

276 2062 857 2110 Stich.1,2,1.V,4,1o.1b
884 2062 946 2108 ΙΙΙ,
972 2066 1007 2108 1,
1030 2065 1096 2098 87:
1122 2065 1275 2099 hommes
1297 2065 1456 2099 servolos.
1511 2062 1621 2098 Poen.
1648 2063 1675 2107 Ι,
1699 2063 1734 2106 2,
1759 2061 1817 2095 ΊΊ.
1843 2061 1994 2106 lap-‘dom
2016 2063 2090 2097 eila·-

277 2135 361 2159 cem.
387 2121 434 2159 ib.
459 2133 491 2156 v.
517 2122 587 2157 78.
612 2133 694 2157 nam
718 2121 786 2157 tu’e
811 2122 965 2168 lapide
988 2122 1124 2157 eil-‘00
1146 2123 1299 2161 stultior.
1326 2121 1376 2168 [ut
1400 2132 1504 2170 supra
1528 2119 1616 2157 Cato
1640 2119 1686 2156 Β.
1708 2118 1752 2154 Β.
1770 2130 1799 2153 c.
1826 2116 1895 2164 18]
1913 2116 2029 2154 Merc.
2047 2121 2088 2164 ΙΙ,

273 2181 312 2226 8,
335 2182 403 2217 79:
429 2180 594 2215 ancillam
617 2181 819 2226 maginem.
846 2178 954 2214 Truc.
981 2179 1025 2223 ΙΙ,
1049 2180 1085 2224 2,
1109 2180 1174 2214 29:
1199 2180 1528 2222 musca—foemina.
1576 2177 1668 2213 Idem
1694 2176 1835 2211 Plautus
1861 2174 1928 2223 [ap.
1954 2174 2089 2211 Philar-

274 2249 352 2287 gyr.
379 2236 421 2272 ad
445 2235 547 2284 Virg.
571 2236 647 2272 Ecl.
673 2238 715 2281 ΙΙ,
739 2235 812 2282 63]
839 2236 939 2271 etiam
964 2238 1019 2271 leo
1033 2237 1172 2280 semina
1196 2235 1292 2271 dixit.
1319 2234 1421 2271 Curc.
1447 2235 1493 2281 V,
1518 2236 1555 2280 2,
1579 2237 1645 2271 47:
1678 2239 1804 2269 centu
1827 2232 1938 2266 turbo.
1988 2230 2088 2269 Trin.

274 2297 303 2341 Ι,
327 2296 365 2341 2,
388 2296 455 2330 ⁹4:
479 2295 609 2329 ltomt'm‘
632 2294 859 2329 adulescenti.
889 2291 1015 2329 Bacch.
1031 2293 1059 2338 l,
1078 2294 1112 2338 l,
1136 2294 1203 2328 82:
1229 2294 1433 2329 adulescens
1455 2295 1565 2329 homo.
1588 2304 1620 2327 v.
1645 2292 1711 2327 55:
1737 2290 1867 2325 somena·
1887 2289 2087 2326 adulescen-

274 2355 361 2389 tulo.
410 2351 511 2400 Epid.
538 2352 595 2397 ΙΙΙ,
622 2352 657 2396 1,
685 2353 746 2386 12:
778 2351 850 2386 Vae
873 2352 948 2394 tibi,
971 2351 1197 2386 muricide
1220 2352 1353 2386 homo.
1404 2349 1548 2386 Terent.
1578 2349 1663 2384 Hec.
1690 2349 1746 2387 ΙΙΙ,
1772 2348 1810 2391 8,
1833 2347 1891 2381 26.
1906 2348 1987 2391 sore
2006 2349 2087 2392 sor-

276 2416 375 2446 tuna.
400 2407 574 2444 Audacius
589 2419 687 2456 quam
699 2408 784 2444 haec
799 2407 888 2444 dicta
906 2412 984 2444 sunt
1002 2406 1115 2444 Plaut.
1131 2406 1234 2443 Pers.
1251 2409 1278 2454 1,
1296 2409 1332 2454 2,
1346 2409 1410 2443 22:
1438 2407 1507 2452 Qun·
1520 2407 1575 2443 lu'c
1596 2407 1698 2442 albo
1719 2409 1820 2441 rete
1843 2404 1959 2439 aliena
1974 2414 2087 2449 oppu-

273 2473 388 2515 gnant
412 2468 515 2512 cm,
540 2466 573 2502 h.
598 2478 629 2502 e.
656 2465 744 2512 albo,
770 2470 924 2514 tanquam
949 2466 1029 2510 reti,
1054 2477 1087 2502 v.
1110 2464 1261 2501 Gronov.
1288 2465 1329 2501 ad
1354 2466 1387 2501 h.
1411 2465 1449 2511 l.,
1474 2465 1552 2500 item
1578 2464 1689 2500 Poen.
1719 2463 1776 2507 ΙΙΙ,
1801 2463 1837 2506 l,
1860 2462 1925 2497 4⁰:
1952 2462 2088 2498 obsecro

274 2527 401 2570 hercle,
426 2535 605 2569 operam
629 2526 824 2559 celocem
841 2525 931 2560 hanc
944 2525 1039 2566 ηιιἹιό,
1062 2535 1106 2559 ne
1129 2524 1350 2558 corbitam
1368 2524 1465 2566 date,
1484 2534 1578 2570 quem
1593 2521 1702 2557 locum
1716 2518 1829 2555 laudat
1843 2519 1942 2556 etiam
1957 2517 2086 2556 Bernh.

274 2583 310 2618 in
336 2587 426 2631 synt.
453 2594 484 2631 p.
509 2581 571 2627 5⁰,
597 2580 708 2617 adnot.
733 2582 792 2616 81.
