2317 3047
240 1330 335 1388 De
382 1334 603 1389 notione
649 1329 980 1390 substantivi
1027 1331 1175 1408 apud
1205 1335 1430 1408 priscos
1468 1333 1772 1408 scriptores
1809 1330 2059 1389 Latinos

810 1465 978 1525 usque
1016 1446 1092 1504 ad
1135 1446 1472 1505 Terentium.

349 1583 526 1648 Duplex
553 1605 607 1635 est
631 1600 719 1635 ratio
746 1606 844 1648 atque
878 1601 932 1635 via
965 1601 1164 1646 etiamnum,
1200 1613 1264 1649 qua
1296 1601 1454 1649 syntaxis
1490 1601 1715 1647 cuiuscunque
1746 1598 1883 1647 linguae
1917 1601 2058 1636 tractari

163 1678 168 1682 ·
236 1663 363 1706 potest,
390 1661 447 1692 aut
471 1657 530 1702 ita,
558 1662 592 1692 ut
616 1657 744 1692 initium
770 1658 830 1693 fiat
854 1658 895 1693 ab
920 1658 995 1707 ipsa
1021 1658 1258 1693 enunciatione
1281 1657 1495 1707 explicanda,
1532 1658 1626 1693 cuius
1660 1655 1779 1692 deinde
1803 1661 1921 1706 partes
1948 1657 2059 1703 (sub-

235 1717 370 1761 iectum,
395 1715 622 1764 praedicatum
650 1716 794 1764 simplex
819 1728 891 1751 cum
917 1716 974 1761 iis,
1006 1728 1091 1763 quae
1125 1715 1167 1751 ad
1201 1716 1385 1765 simplicem
1420 1716 1689 1752 enunciationem
1714 1715 1906 1750 accuratius
1932 1716 2057 1764 expri-

237 1772 387 1807 mendam
422 1771 601 1817 adduntur,
635 1772 844 1818 vocabulis,)
879 1773 1077 1821 singillatim
1112 1777 1312 1818 tractentur,
1353 1778 1420 1807 tum
1458 1778 1618 1821 sequatur
1652 1771 1862 1820 singulorum
1891 1783 2057 1820 generum

237 1830 508 1865 enunciationum
534 1830 740 1879 explicatio,
777 1842 873 1878 quam
904 1830 1069 1866 rationem
1103 1831 1138 1866 in
1172 1831 1315 1879 syntaxi
1347 1830 1488 1878 linguae
1522 1829 1736 1878 germanicae
1762 1829 1889 1878 primus
1916 1836 2057 1867 secutus

236 1892 290 1923 est
305 1886 498 1932 Beckerus,
525 1898 620 1934 quem
646 1887 680 1922 in
705 1887 810 1922 latina
828 1888 967 1935 syntaxi
991 1887 1218 1923 adumbranda
1243 1894 1379 1923 secutus
1406 1895 1461 1923 est
1484 1899 1564 1936 prae
1583 1886 1706 1921 ceteris
1728 1885 2056 1929 Weissenbornius,

236 1949 293 1979 aut
317 1949 353 1978 ut
375 1945 515 1992 primum
541 1944 697 1991 singulae
723 1948 839 1993 partes
866 1945 1056 1989 orationis,
1092 1957 1176 1992 quae
1209 1945 1243 1979 in
1268 1945 1506 1980 enunciatione
1530 1944 1628 1993 plena
1652 1944 1800 1979 inveniri
1826 1944 1961 1989 solent,
2001 1958 2057 1980 se-

235 2000 375 2036 cundum
401 2005 472 2036 tres
498 2001 631 2037 classes
657 2001 858 2050 generales,
893 2014 1037 2047 nomen,
1069 2003 1226 2045 verbum,
1256 2003 1475 2048 particulas,
1511 1999 1689 2037 secundum
1716 2000 1905 2047 rationem,
1932 2014 1998 2049 qua
2023 2003 2057 2038 in

236 2057 527 2094 enunciationibus
553 2059 643 2094 inter
669 2072 707 2095 se
734 2060 996 2107 coniunguntur,
1022 2064 1209 2095 tractentur
1234 2066 1268 2095 et
1292 2064 1358 2095 tum
1377 2059 1504 2095 demum
1521 2070 1580 2107 per
1599 2070 1638 2093 se
1655 2062 1829 2106 spectetur
1847 2060 2057 2095 enunciatio-

235 2127 310 2150 num
337 2119 394 2149 aut
419 2114 616 2163 simplicium
643 2121 700 2151 aut
724 2116 813 2151 inter
838 2128 877 2151 se
902 2117 1155 2152 coniunctarum
1182 2116 1348 2154 doctrina.
1398 2116 1471 2152 Hac
1497 2116 1569 2151 fere
1594 2115 1728 2151 ratione
1755 2121 1915 2151 versatus
1942 2123 1999 2152 est
2024 2117 2057 2152 in

236 2174 372 2220 linguae
397 2183 544 2218 graecae
571 2174 709 2220 syntaxi
734 2173 959 2209 describenda
983 2173 1207 2221 Bernhardy,
1240 2174 1275 2209 in
1300 2174 1403 2209 latina
1429 2173 1563 2221 syntaxi
1588 2171 1811 2217 Billrothius,
1844 2172 2058 2219 Ellendtius,

235 2230 452 2279 Kruegerus.
499 2228 607 2275 lllam,
634 2235 749 2280 utpote
766 2242 849 2279 quae
866 2230 1135 2267 enunciationem
1152 2231 1185 2266 in
1207 2230 1361 2280 singulas
1380 2242 1460 2267 suas
1481 2233 1594 2280 partes
1619 2228 1798 2276 dissolvat,
1823 2242 1910 2278 quae
1935 2230 2059 2269 deinde

238 2288 435 2335 singillatim
461 2292 658 2331 tractentur,
684 2291 912 2335 analyticam,
938 2289 1024 2323 hanc
1048 2290 1283 2334 syntheticam
1306 2290 1421 2338 possis
1448 2288 1570 2324 dicere.
1628 2287 1692 2323 Illa
1717 2288 1806 2323 enim
1833 2289 2059 2336 antiquiorum

236 2346 529 2392 grammaticorum
554 2344 658 2390 ratio,
685 2357 749 2393 qua
774 2346 910 2395 singula
926 2345 1083 2394 syntaxis
1106 2346 1230 2395 capita,
1257 2350 1420 2393 utcunque
1438 2341 1516 2380 sese
1533 2343 1737 2390 offerebant,
1765 2344 1841 2380 sine
1866 2345 1935 2381 ullo
1962 2355 2058 2383 certo

237 2401 355 2438 ordine
380 2402 422 2438 ad
447 2402 620 2438 arbitrium
645 2405 891 2449 tractabantur,
916 2404 982 2439 iam
1008 2402 1136 2452 pridem
1162 2403 1310 2452 explosa
1335 2408 1389 2438 est
1413 2415 1475 2438 nec
1500 2414 1640 2449 unquam
1666 2403 1868 2449 reviviscet,
1901 2405 2058 2450 quoniam

236 2459 270 2493 in
296 2470 338 2493 ea
362 2470 429 2494 non
455 2463 560 2508 patet,
585 2459 752 2507 quomodo
780 2460 916 2509 singula
940 2460 1051 2509 capita
1076 2460 1166 2496 inter
1191 2472 1229 2495 se
1255 2460 1470 2495 cohaereant.
1530 2458 1712 2507 Analytica
1737 2464 1848 2495 autem
1872 2460 1961 2495 ratio
1988 2472 2057 2496 non

237 2523 361 2550 tantum
386 2516 487 2551 habet
511 2517 764 2565 perspicuitatis
790 2522 944 2564 quantum
970 2517 1080 2553 altera
1104 2518 1161 2553 illa
1185 2517 1392 2565 synthetica,
1419 2517 1572 2563 quoniam
1599 2517 1737 2565 singula
1763 2518 1922 2565 syntaxis
1947 2519 2059 2566 capita

235 2573 334 2608 nimis
360 2571 517 2621 dispersa
542 2574 675 2610 ratione
700 2574 806 2610 variis
831 2574 917 2611 locis
943 2579 1142 2620 tractantur,
1170 2573 1258 2621 quod
1273 2573 1398 2622 optime
1416 2573 1563 2622 perspici
1581 2578 1697 2623 potest
1715 2573 1750 2610 in
1768 2575 1907 2623 syntaxi
1933 2574 2057 2610 latinae
