<?xml version="1.0" encoding="UTF-8"?>
<!DOCTYPE html PUBLIC "-//W3C//DTD XHTML 1.0 Transitional//EN"
    "http://www.w3.org/TR/xhtml1/DTD/xhtml1-transitional.dtd">
<html xmlns="http://www.w3.org/1999/xhtml" xml:lang="en" lang="en">
 <head>
  <title>
</title>
<meta http-equiv="Content-Type" content="text/html;charset=utf-8" />
  <meta name='ocr-system' content='tesseract 3.04.00' />
  <meta name='ocr-capabilities' content='ocr_page ocr_carea ocr_par ocr_line ocrx_word'/>
</head>
<body>
  <div class='ocr_page' id='page_1' title='image "./4768552_0021.png"; bbox 0 0 2317 3047; ppageno 0'>
   <div class='ocr_carea' id='block_1_1' title="bbox 977 256 1229 264">
    <p class='ocr_par' dir='ltr' id='par_1_1' title="bbox 977 256 1229 264">
     <span class='ocr_line' id='line_1_1' title="bbox 977 256 1229 264; baseline 0 0"><span class='ocrx_word' id='word_1_1' title='bbox 977 256 1229 264; x_wconf 95' lang='lat' dir='ltr'><strong><em> </em></strong></span> 
     </span>
    </p>
   </div>
   <div class='ocr_carea' id='block_1_2' title="bbox 183 320 2016 2611">
    <p class='ocr_par' dir='ltr' id='par_1_2' title="bbox 192 320 2016 1234">
     <span class='ocr_line' id='line_1_2' title="bbox 197 320 2010 370; baseline -0.001 -10"><span class='ocrx_word' id='word_1_2' title='bbox 197 330 319 360; x_wconf 76' lang='lat' dir='ltr'><strong><em>uentus</em></strong></span> <span class='ocrx_word' id='word_1_3' title='bbox 337 326 493 370; x_wconf 75' lang='lat' dir='ltr'><strong><em>postflt.</em></strong></span> <span class='ocrx_word' id='word_1_4' title='bbox 541 322 654 359; x_wconf 90' lang='lat' dir='ltr'><strong><em>Plaut.</em></strong></span> <span class='ocrx_word' id='word_1_5' title='bbox 677 320 754 358; x_wconf 88' lang='lat' dir='ltr'><strong><em>Mil.</em></strong></span> <span class='ocrx_word' id='word_1_6' title='bbox 779 322 821 367; x_wconf 88' lang='lat' dir='ltr'><strong><em>ll,</em></strong></span> <span class='ocrx_word' id='word_1_7' title='bbox 845 322 882 366; x_wconf 92' lang='grc'><strong><em>2,</em></strong></span> <span class='ocrx_word' id='word_1_8' title='bbox 905 321 950 356; x_wconf 76' lang='lat'><strong><em>5:</em></strong></span> <span class='ocrx_word' id='word_1_9' title='bbox 985 323 1160 369; x_wconf 80' lang='lat' dir='ltr'><strong><em>Quemque</em></strong></span> <span class='ocrx_word' id='word_1_10' title='bbox 1183 334 1206 357; x_wconf 85' lang='lat' dir='ltr'><strong><em>a</em></strong></span> <span class='ocrx_word' id='word_1_11' title='bbox 1237 324 1391 357; x_wconf 80' lang='lat' dir='ltr'><strong><em>milite</em></strong></span> <span class='ocrx_word' id='word_1_12' title='bbox 1421 322 1501 357; x_wconf 75' lang='lat' dir='ltr'><strong><em>hoc</em></strong></span> <span class='ocrx_word' id='word_1_13' title='bbox 1530 324 1689 360; x_wconf 75' lang='lat' dir='ltr'><strong><em>videritis</em></strong></span> <span class='ocrx_word' id='word_1_14' title='bbox 1722 324 1941 359; x_wconf 66' lang='lat' dir='ltr'><strong><em>hominem</em></strong></span> <span class='ocrx_word' id='word_1_15' title='bbox 1972 326 2010 359; x_wconf 77' lang='lat' dir='ltr'><strong><em>in</em></strong></span> 
     </span>
     <span class='ocr_line' id='line_1_3' title="bbox 196 377 2006 429; baseline -0.001 -12"><span class='ocrx_word' id='word_1_16' title='bbox 196 383 323 418; x_wconf 72' lang='lat' dir='ltr'><strong><em>nostris</em></strong></span> <span class='ocrx_word' id='word_1_17' title='bbox 347 382 486 427; x_wconf 80' lang='lat' dir='ltr'><strong><em>tegulis.</em></strong></span> <span class='ocrx_word' id='word_1_18' title='bbox 537 379 645 415; x_wconf 90' lang='lat' dir='ltr'><strong><em>Truc.</em></strong></span> <span class='ocrx_word' id='word_1_19' title='bbox 671 377 735 425; x_wconf 86' lang='lat' dir='ltr'><strong><em>IV,</em></strong></span> <span class='ocrx_word' id='word_1_20' title='bbox 758 379 795 423; x_wconf 76' lang='lat'><strong><em>4,</em></strong></span> <span class='ocrx_word' id='word_1_21' title='bbox 828 380 887 416; x_wconf 73' lang='grc'><strong><em>23.</em></strong></span> <span class='ocrx_word' id='word_1_22' title='bbox 912 381 966 423; x_wconf 78' lang='lat' dir='ltr'><strong><em>(V.</em></strong></span> <span class='ocrx_word' id='word_1_23' title='bbox 988 379 1145 429; x_wconf 85' lang='lat' dir='ltr'><strong><em>Kampm.</em></strong></span> <span class='ocrx_word' id='word_1_24' title='bbox 1173 378 1214 414; x_wconf 88' lang='lat' dir='ltr'><strong><em>de</em></strong></span> <span class='ocrx_word' id='word_1_25' title='bbox 1239 380 1310 413; x_wconf 85' lang='lat' dir='ltr'><strong><em>AB</em></strong></span> <span class='ocrx_word' id='word_1_26' title='bbox 1333 392 1367 427; x_wconf 87' lang='lat' dir='ltr'><strong><em>p.</em></strong></span> <span class='ocrx_word' id='word_1_27' title='bbox 1391 379 1469 424; x_wconf 84' lang='lat'><strong><em>16.)</em></strong></span> <span class='ocrx_word' id='word_1_28' title='bbox 1495 379 1537 414; x_wconf 69' lang='lat' dir='ltr'><strong><em>sa·</em></strong></span> <span class='ocrx_word' id='word_1_29' title='bbox 1558 383 1675 422; x_wconf 71' lang='lat' dir='ltr'><strong><em>aufere</em></strong></span> <span class='ocrx_word' id='word_1_30' title='bbox 1692 393 1855 428; x_wconf 72' lang='lat' dir='ltr'><strong><em>puerum,</em></strong></span> <span class='ocrx_word' id='word_1_31' title='bbox 1880 394 1904 416; x_wconf 86' lang='lat' dir='ltr'><strong><em>a</em></strong></span> <span class='ocrx_word' id='word_1_32' title='bbox 1926 384 2006 416; x_wconf 80' lang='lat' dir='ltr'><strong><em>mi-</em></strong></span> 
     </span>
     <span class='ocr_line' id='line_1_4' title="bbox 196 435 2008 486; baseline 0 -12"><span class='ocrx_word' id='word_1_33' title='bbox 196 441 283 474; x_wconf 83' lang='lat' dir='ltr'><strong><em>lite</em></strong></span> <span class='ocrx_word' id='word_1_34' title='bbox 305 440 416 473; x_wconf 72' lang='lat' dir='ltr'><strong><em>omnis</em></strong></span> <span class='ocrx_word' id='word_1_35' title='bbox 437 449 540 484; x_wconf 74' lang='lat' dir='ltr'><strong><em>spes</em></strong></span> <span class='ocrx_word' id='word_1_36' title='bbox 564 442 641 471; x_wconf 75' lang='lat' dir='ltr'><strong><em>tum</em></strong></span> <span class='ocrx_word' id='word_1_37' title='bbox 663 437 713 471; x_wconf 87' lang='lat' dir='ltr'><strong><em>mi</em></strong></span> <span class='ocrx_word' id='word_1_38' title='bbox 734 437 887 471; x_wconf 68' lang='lat' dir='ltr'><strong><em>anivnam</em></strong></span> <span class='ocrx_word' id='word_1_39' title='bbox 909 439 1083 483; x_wconf 72' lang='lat' dir='ltr'><strong><em>efflaverit</em></strong></span> <span class='ocrx_word' id='word_1_40' title='bbox 1107 436 1158 481; x_wconf 84' lang='lat' dir='ltr'><strong><em>(b.</em></strong></span> <span class='ocrx_word' id='word_1_41' title='bbox 1183 448 1229 482; x_wconf 88' lang='lat' dir='ltr'><strong><em>e.,</em></strong></span> <span class='ocrx_word' id='word_1_42' title='bbox 1254 440 1290 471; x_wconf 85' lang='lat' dir='ltr'><strong><em>ut</em></strong></span> <span class='ocrx_word' id='word_1_43' title='bbox 1313 441 1405 472; x_wconf 88' lang='lat' dir='ltr'><strong><em>recte</em></strong></span> <span class='ocrx_word' id='word_1_44' title='bbox 1431 436 1522 486; x_wconf 87' lang='lat' dir='ltr'><strong><em>expl.</em></strong></span> <span class='ocrx_word' id='word_1_45' title='bbox 1549 435 1804 484; x_wconf 81' lang='lat' dir='ltr'><strong><em>ScbmiederuS,</em></strong></span> <span class='ocrx_word' id='word_1_46' title='bbox 1826 437 1919 474; x_wconf 88' lang='lat' dir='ltr'><strong><em>nulla</em></strong></span> <span class='ocrx_word' id='word_1_47' title='bbox 1951 451 2008 474; x_wconf 92' lang='lat' dir='ltr'><strong><em>su-</em></strong></span> 
     </span>
     <span class='ocr_line' id='line_1_5' title="bbox 196 490 2007 545; baseline 0 -14"><span class='ocrx_word' id='word_1_48' title='bbox 196 495 350 545; x_wconf 83' lang='lat' dir='ltr'><strong><em>pererit).</em></strong></span> <span class='ocrx_word' id='word_1_49' title='bbox 376 494 442 531; x_wconf 85' lang='lat' dir='ltr'><strong><em>Hic</em></strong></span> <span class='ocrx_word' id='word_1_50' title='bbox 467 507 491 530; x_wconf 92' lang='lat' dir='ltr'><strong><em>a</em></strong></span> <span class='ocrx_word' id='word_1_51' title='bbox 513 496 588 531; x_wconf 87' lang='lat' dir='ltr'><strong><em>mil.</em></strong></span> <span class='ocrx_word' id='word_1_52' title='bbox 611 506 700 529; x_wconf 83' lang='lat' dir='ltr'><strong><em>omn.</em></strong></span> <span class='ocrx_word' id='word_1_53' title='bbox 724 505 804 539; x_wconf 77' lang='lat' dir='ltr'><strong><em>spes</em></strong></span> <span class='ocrx_word' id='word_1_54' title='bbox 826 504 924 529; x_wconf 89' lang='lat' dir='ltr'><strong><em>unam</em></strong></span> <span class='ocrx_word' id='word_1_55' title='bbox 947 495 1120 531; x_wconf 90' lang='lat' dir='ltr'><strong><em>notionem</em></strong></span> <span class='ocrx_word' id='word_1_56' title='bbox 1145 494 1318 539; x_wconf 84' lang='lat' dir='ltr'><strong><em>efficiunt,</em></strong></span> <span class='ocrx_word' id='word_1_57' title='bbox 1353 494 1456 529; x_wconf 83' lang='grc' dir='ltr'><em>πᾶσα</em></span> <span class='ocrx_word' id='word_1_58' title='bbox 1481 490 1505 541; x_wconf 86' lang='grc' dir='ltr'><em>ἧ</em></span> <span class='ocrx_word' id='word_1_59' title='bbox 1530 491 1641 536; x_wconf 77' lang='grc' dir='ltr'><strong><em>ἐλπὶς</em></strong></span> <span class='ocrx_word' id='word_1_60' title='bbox 1663 490 1686 542; x_wconf 84' lang='grc' dir='ltr'><em>ἡ</em></span> <span class='ocrx_word' id='word_1_61' title='bbox 1712 490 1807 531; x_wconf 82' lang='grc' dir='ltr'><strong><em>οὖσα</em></strong></span> <span class='ocrx_word' id='word_1_62' title='bbox 1832 490 1913 531; x_wconf 75' lang='grc' dir='ltr'><strong><em>ἀπὸ</em></strong></span> <span class='ocrx_word' id='word_1_63' title='bbox 1940 497 2007 531; x_wconf 83' lang='grc' dir='ltr'><strong><em>τοῦ</em></strong></span> 
     </span>
     <span class='ocr_line' id='line_1_6' title="bbox 200 548 2006 601; baseline 0 -12"><span class='ocrx_word' id='word_1_64' title='bbox 200 548 443 601; x_wconf 79' lang='grc' dir='ltr'><strong>στρατιώτου.</strong></span> <span class='ocrx_word' id='word_1_65' title='bbox 489 550 616 587; x_wconf 82' lang='lat' dir='ltr'><strong>Bacch.</strong></span> <span class='ocrx_word' id='word_1_66' title='bbox 641 550 689 597; x_wconf 89' lang='grc' dir='ltr'><strong><em>Π,</em></strong></span> <span class='ocrx_word' id='word_1_67' title='bbox 704 552 741 597; x_wconf 92' lang='grc'><strong><em>2,</em></strong></span> <span class='ocrx_word' id='word_1_68' title='bbox 766 552 830 587; x_wconf 76' lang='lat'><strong><em>19:</em></strong></span> <span class='ocrx_word' id='word_1_69' title='bbox 855 552 969 599; x_wconf 80' lang='lat' dir='ltr'><strong><em>Egon&#39;</em></strong></span> <span class='ocrx_word' id='word_1_70' title='bbox 995 557 1048 595; x_wconf 80' lang='lat' dir='ltr'><strong><em>ut,</em></strong></span> <span class='ocrx_word' id='word_1_71' title='bbox 1073 553 1165 599; x_wconf 79' lang='lat' dir='ltr'><strong><em>qnod</em></strong></span> <span class='ocrx_word' id='word_1_72' title='bbox 1188 552 1239 587; x_wconf 83' lang='lat' dir='ltr'><strong><em>ab</em></strong></span> <span class='ocrx_word' id='word_1_73' title='bbox 1263 553 1299 587; x_wconf 87' lang='lat' dir='ltr'><strong><em>il</em></strong></span> <span class='ocrx_word' id='word_1_74' title='bbox 1307 553 1349 586; x_wconf 87' lang='lat' dir='ltr'><strong><em>lo</em></strong></span> <span class='ocrx_word' id='word_1_75' title='bbox 1366 552 1549 597; x_wconf 82' lang='lat' dir='ltr'><strong><em>adtigisset</em></strong></span> <span class='ocrx_word' id='word_1_76' title='bbox 1572 553 1775 595; x_wconf 79' lang='lat' dir='ltr'><strong><em>nuntius,</em></strong></span> <span class='ocrx_word' id='word_1_77' title='bbox 1797 554 1878 589; x_wconf 88' lang='lat' dir='ltr'><strong><em>Non</em></strong></span> <span class='ocrx_word' id='word_1_78' title='bbox 1899 555 2006 600; x_wconf 74' lang='lat' dir='ltr'><strong><em>impe-</em></strong></span> 
     </span>
     <span class='ocr_line' id='line_1_7' title="bbox 195 606 2006 656; baseline -0.001 -11"><span class='ocrx_word' id='word_1_79' title='bbox 195 614 331 645; x_wconf 77' lang='lat' dir='ltr'><strong><em>tratum</em></strong></span> <span class='ocrx_word' id='word_1_80' title='bbox 361 611 400 645; x_wconf 82' lang='lat' dir='ltr'><strong><em>id</em></strong></span> <span class='ocrx_word' id='word_1_81' title='bbox 431 610 632 644; x_wconf 79' lang='lat' dir='ltr'><strong><em>advenienti</em></strong></span> <span class='ocrx_word' id='word_1_82' title='bbox 660 610 695 643; x_wconf 85' lang='lat' dir='ltr'><strong><em>ei</em></strong></span> <span class='ocrx_word' id='word_1_83' title='bbox 724 609 933 643; x_wconf 68' lang='lat' dir='ltr'><strong><em>redderem?</em></strong></span> <span class='ocrx_word' id='word_1_84' title='bbox 963 608 998 645; x_wconf 89' lang='lat' dir='ltr'><strong><em>h.</em></strong></span> <span class='ocrx_word' id='word_1_85' title='bbox 1022 620 1053 644; x_wconf 86' lang='lat' dir='ltr'><strong><em>e.</em></strong></span> <span class='ocrx_word' id='word_1_86' title='bbox 1078 611 1176 644; x_wconf 78' lang='lat' dir='ltr'><strong><em>illius</em></strong></span> <span class='ocrx_word' id='word_1_87' title='bbox 1197 611 1356 653; x_wconf 79' lang='lat' dir='ltr'><strong><em>nuntius,</em></strong></span> <span class='ocrx_word' id='word_1_88' title='bbox 1382 607 1645 656; x_wconf 84' lang='lat' dir='ltr'><strong><em>v..Scioppium.</em></strong></span> <span class='ocrx_word' id='word_1_89' title='bbox 1693 606 1802 643; x_wconf 74' lang='lat' dir='ltr'><strong><em>Herc.</em></strong></span> <span class='ocrx_word' id='word_1_90' title='bbox 1824 609 1853 655; x_wconf 91' lang='grc' dir='ltr'><strong><em>Ι,</em></strong></span> <span class='ocrx_word' id='word_1_91' title='bbox 1877 612 1915 655; x_wconf 88' lang='grc'><strong><em>2,</em></strong></span> <span class='ocrx_word' id='word_1_92' title='bbox 1940 611 2006 645; x_wconf 81' lang='lat'><strong><em>28:</em></strong></span> 
     </span>
     <span class='ocr_line' id='line_1_8' title="bbox 194 663 2004 717; baseline 0.002 -17"><span class='ocrx_word' id='word_1_93' title='bbox 194 669 343 702; x_wconf 87' lang='lat' dir='ltr'><strong><em>resinam</em></strong></span> <span class='ocrx_word' id='word_1_94' title='bbox 366 678 410 702; x_wconf 76' lang='lat' dir='ltr'><strong><em>es</em></strong></span> <span class='ocrx_word' id='word_1_95' title='bbox 433 667 546 702; x_wconf 79' lang='lat' dir='ltr'><strong><em>noelle.</em></strong></span> <span class='ocrx_word' id='word_1_96' title='bbox 572 663 619 711; x_wconf 90' lang='grc' dir='ltr'><strong><em>ΙΙ,</em></strong></span> <span class='ocrx_word' id='word_1_97' title='bbox 645 666 680 711; x_wconf 89' lang='grc'><strong><em>1,</em></strong></span> <span class='ocrx_word' id='word_1_98' title='bbox 699 664 766 700; x_wconf 77' lang='lat'><strong><em>88:</em></strong></span> <span class='ocrx_word' id='word_1_99' title='bbox 792 669 899 712; x_wconf 83' lang='lat' dir='ltr'><strong><em>atque</em></strong></span> <span class='ocrx_word' id='word_1_100' title='bbox 931 677 996 713; x_wconf 82' lang='lat' dir='ltr'><strong><em>ego</em></strong></span> <span class='ocrx_word' id='word_1_101' title='bbox 1019 667 1193 712; x_wconf 76' lang='lat' dir='ltr'><strong><em>conspicor</em></strong></span> <span class='ocrx_word' id='word_1_102' title='bbox 1223 666 1388 702; x_wconf 72' lang='lat' dir='ltr'><strong><em>Navem</em></strong></span> <span class='ocrx_word' id='word_1_103' title='bbox 1419 677 1469 701; x_wconf 72' lang='lat' dir='ltr'><strong><em>ea·</em></strong></span> <span class='ocrx_word' id='word_1_104' title='bbox 1499 665 1662 702; x_wconf 67' lang='lat' dir='ltr'><strong><em>Rhodo.</em></strong></span> <span class='ocrx_word' id='word_1_105' title='bbox 1688 663 1885 703; x_wconf 76' lang='lat' dir='ltr'><strong><em>Weissenb.</em></strong></span> <span class='ocrx_word' id='word_1_106' title='bbox 1910 671 2004 717; x_wconf 83' lang='lat' dir='ltr'><strong><em>synt.</em></strong></span> 
     </span>
     <span class='ocr_line' id='line_1_9' title="bbox 196 722 2004 774; baseline 0 -14"><span class='ocrx_word' id='word_1_107' title='bbox 196 738 227 774; x_wconf 93' lang='lat' dir='ltr'><strong><em>p.</em></strong></span> <span class='ocrx_word' id='word_1_108' title='bbox 258 726 335 760; x_wconf 75' lang='lat'><strong><em>1³2.</em></strong></span> <span class='ocrx_word' id='word_1_109' title='bbox 360 722 462 759; x_wconf 87' lang='lat' dir='ltr'><strong><em>affert</em></strong></span> <span class='ocrx_word' id='word_1_110' title='bbox 485 722 564 759; x_wconf 82' lang='lat' dir='ltr'><strong><em>Aul.</em></strong></span> <span class='ocrx_word' id='word_1_111' title='bbox 590 722 677 772; x_wconf 84' lang='lat' dir='ltr'><strong><em>prol.</em></strong></span> <span class='ocrx_word' id='word_1_112' title='bbox 703 735 737 759; x_wconf 91' lang='lat' dir='ltr'><strong><em>v.</em></strong></span> <span class='ocrx_word' id='word_1_113' title='bbox 762 724 828 759; x_wconf 84' lang='lat'><strong><em>28:</em></strong></span> <span class='ocrx_word' id='word_1_114' title='bbox 853 724 899 759; x_wconf 85' lang='lat' dir='ltr'><strong><em>de</em></strong></span> <span class='ocrx_word' id='word_1_115' title='bbox 922 735 1053 759; x_wconf 82' lang='lat' dir='ltr'><strong><em>summo</em></strong></span> <span class='ocrx_word' id='word_1_116' title='bbox 1076 725 1280 760; x_wconf 71' lang='lat' dir='ltr'><strong><em>adulescens</em></strong></span> <span class='ocrx_word' id='word_1_117' title='bbox 1303 725 1390 770; x_wconf 78' lang='lat' dir='ltr'><strong><em>loco,</em></strong></span> <span class='ocrx_word' id='word_1_118' title='bbox 1415 722 1616 771; x_wconf 87' lang='lat' dir='ltr'><strong><em>Kruegerus</em></strong></span> <span class='ocrx_word' id='word_1_119' title='bbox 1641 735 1785 772; x_wconf 77' lang='lat' dir='ltr'><strong><em>gramm.</em></strong></span> <span class='ocrx_word' id='word_1_120' title='bbox 1805 723 1906 774; x_wconf 66' lang='lat' dir='ltr'><strong><em>latp.</em></strong></span> <span class='ocrx_word' id='word_1_121' title='bbox 1920 726 2004 762; x_wconf 64' lang='lat' dir='ltr'><strong><em>m.</em></strong></span> 
     </span>
     <span class='ocr_line' id='line_1_10' title="bbox 195 779 2016 832; baseline 0.001 -15"><span class='ocrx_word' id='word_1_122' title='bbox 195 785 232 825; x_wconf 91' lang='lat' dir='ltr'><strong><em>e)</em></strong></span> <span class='ocrx_word' id='word_1_123' title='bbox 258 781 346 817; x_wconf 87' lang='lat' dir='ltr'><strong><em>Rud.</em></strong></span> <span class='ocrx_word' id='word_1_124' title='bbox 369 779 433 827; x_wconf 84' lang='lat' dir='ltr'><strong><em>lv,</em></strong></span> <span class='ocrx_word' id='word_1_125' title='bbox 459 782 496 827; x_wconf 93' lang='grc'><strong><em>5,</em></strong></span> <span class='ocrx_word' id='word_1_126' title='bbox 520 782 562 817; x_wconf 87' lang='lat'><strong><em>7:</em></strong></span> <span class='ocrx_word' id='word_1_127' title='bbox 588 782 634 817; x_wconf 81' lang='lat' dir='ltr'><strong><em>de</em></strong></span> <span class='ocrx_word' id='word_1_128' title='bbox 655 793 784 828; x_wconf 80' lang='lat' dir='ltr'><strong><em>genere</em></strong></span> <span class='ocrx_word' id='word_1_129' title='bbox 813 792 946 818; x_wconf 77' lang='lat' dir='ltr'><strong><em>samma</em></strong></span> <span class='ocrx_word' id='word_1_130' title='bbox 976 782 1204 819; x_wconf 70' lang='lat' dir='ltr'><strong><em>adulescenti.</em></strong></span> <span class='ocrx_word' id='word_1_131' title='bbox 1228 781 1397 818; x_wconf 78' lang='lat' dir='ltr'><strong><em>Fortasse</em></strong></span> <span class='ocrx_word' id='word_1_132' title='bbox 1422 781 1486 817; x_wconf 85' lang='lat' dir='ltr'><strong><em>hue</em></strong></span> <span class='ocrx_word' id='word_1_133' title='bbox 1510 781 1655 830; x_wconf 78' lang='lat' dir='ltr'><strong><em>pertinet</em></strong></span> <span class='ocrx_word' id='word_1_134' title='bbox 1685 781 1788 818; x_wconf 77' lang='lat' dir='ltr'><strong><em>etiam</em></strong></span> <span class='ocrx_word' id='word_1_135' title='bbox 1822 780 1920 832; x_wconf 87' lang='lat' dir='ltr'><strong><em>Epid.</em></strong></span> <span class='ocrx_word' id='word_1_136' title='bbox 1954 782 2016 829; x_wconf 87' lang='lat'><strong><em>11„</em></strong></span> 
     </span>
     <span class='ocr_line' id='line_1_11' title="bbox 194 838 2003 888; baseline 0 -13"><span class='ocrx_word' id='word_1_137' title='bbox 194 842 230 885; x_wconf 97' lang='grc'><strong><em>2,</em></strong></span> <span class='ocrx_word' id='word_1_138' title='bbox 254 841 319 875; x_wconf 82' lang='grc'><strong><em>22;</em></strong></span> <span class='ocrx_word' id='word_1_139' title='bbox 345 852 369 875; x_wconf 88' lang='lat' dir='ltr'><strong><em>a</em></strong></span> <span class='ocrx_word' id='word_1_140' title='bbox 393 841 577 885; x_wconf 84' lang='lat' dir='ltr'><strong><em>legione</em></strong></span> <span class='ocrx_word' id='word_1_141' title='bbox 601 851 746 875; x_wconf 77' lang='lat' dir='ltr'><strong><em>omnes</em></strong></span> <span class='ocrx_word' id='word_1_142' title='bbox 768 841 904 876; x_wconf 72' lang='lat' dir='ltr'><strong><em>remissi</em></strong></span> <span class='ocrx_word' id='word_1_143' title='bbox 924 845 1006 875; x_wconf 80' lang='lat' dir='ltr'><strong><em>sunt</em></strong></span> <span class='ocrx_word' id='word_1_144' title='bbox 1030 841 1170 876; x_wconf 73' lang='grc' dir='ltr'><strong>ἆοηιιιιιι</strong></span> <span class='ocrx_word' id='word_1_145' title='bbox 1196 840 1330 885; x_wconf 75' lang='lat' dir='ltr'><strong><em>Thebis,</em></strong></span> <span class='ocrx_word' id='word_1_146' title='bbox 1362 839 1394 875; x_wconf 87' lang='lat' dir='ltr'><strong><em>si</em></strong></span> <span class='ocrx_word' id='word_1_147' title='bbox 1424 839 1490 875; x_wconf 87' lang='lat' dir='ltr'><strong><em>hoc</em></strong></span> <span class='ocrx_word' id='word_1_148' title='bbox 1523 838 1643 874; x_wconf 86' lang='lat' dir='ltr'><strong><em>dictum</em></strong></span> <span class='ocrx_word' id='word_1_149' title='bbox 1676 844 1731 875; x_wconf 88' lang='lat' dir='ltr'><strong><em>est</em></strong></span> <span class='ocrx_word' id='word_1_150' title='bbox 1761 851 1846 888; x_wconf 75' lang='lat' dir='ltr'><strong><em>pro:</em></strong></span> <span class='ocrx_word' id='word_1_151' title='bbox 1880 852 2003 884; x_wconf 74' lang='lat' dir='ltr'><strong><em>omnen,</em></strong></span> 
     </span>
     <span class='ocr_line' id='line_1_12' title="bbox 194 895 2005 949; baseline 0.001 -17"><span class='ocrx_word' id='word_1_152' title='bbox 194 899 255 944; x_wconf 82' lang='lat' dir='ltr'><strong><em>qai</em></strong></span> <span class='ocrx_word' id='word_1_153' title='bbox 275 897 324 932; x_wconf 82' lang='lat' dir='ltr'><strong><em>ad</em></strong></span> <span class='ocrx_word' id='word_1_154' title='bbox 346 898 518 944; x_wconf 79' lang='lat' dir='ltr'><strong><em>legionem</em></strong></span> <span class='ocrx_word' id='word_1_155' title='bbox 536 898 727 944; x_wconf 76' lang='lat' dir='ltr'><strong><em>pertinent.</em></strong></span> <span class='ocrx_word' id='word_1_156' title='bbox 777 896 866 934; x_wconf 88' lang='lat' dir='ltr'><strong><em>Ter.</em></strong></span> <span class='ocrx_word' id='word_1_157' title='bbox 891 895 1001 934; x_wconf 85' lang='lat' dir='ltr'><strong><em>Andr.</em></strong></span> <span class='ocrx_word' id='word_1_158' title='bbox 1025 895 1117 949; x_wconf 91' lang='lat'><strong><em>1,1,</em></strong></span> <span class='ocrx_word' id='word_1_159' title='bbox 1142 897 1232 932; x_wconf 77' lang='lat'><strong>129:</strong></span> <span class='ocrx_word' id='word_1_160' title='bbox 1258 898 1316 933; x_wconf 80' lang='lat' dir='ltr'><strong><em>Ea</em></strong></span> <span class='ocrx_word' id='word_1_161' title='bbox 1336 899 1485 944; x_wconf 66' lang='lat' dir='ltr'><strong><em>primvm:</em></strong></span> <span class='ocrx_word' id='word_1_162' title='bbox 1509 897 1562 932; x_wconf 81' lang='lat' dir='ltr'><strong><em>ab</em></strong></span> <span class='ocrx_word' id='word_1_163' title='bbox 1586 897 1672 932; x_wconf 87' lang='lat' dir='ltr'><strong><em>ille</em></strong></span> <span class='ocrx_word' id='word_1_164' title='bbox 1695 897 2005 934; x_wconf 67' lang='lat' dir='ltr'><strong><em>min-advertenda</em></strong></span> 
     </span>
     <span class='ocr_line' id='line_1_13' title="bbox 195 939 2002 1002; baseline 0.001 -13"><span class='ocrx_word' id='word_1_165' title='bbox 195 957 426 990; x_wconf 79' lang='lat' dir='ltr'><strong><em>iniuriast.</em></strong></span> <span class='ocrx_word' id='word_1_166' title='bbox 454 953 541 989; x_wconf 89' lang='lat' dir='ltr'><strong><em>Eun.</em></strong></span> <span class='ocrx_word' id='word_1_167' title='bbox 565 953 595 999; x_wconf 88' lang='lat'><strong><em>1,</em></strong></span> <span class='ocrx_word' id='word_1_168' title='bbox 619 956 656 999; x_wconf 89' lang='grc'><strong><em>2,</em></strong></span> <span class='ocrx_word' id='word_1_169' title='bbox 679 955 747 989; x_wconf 79' lang='lat'><strong><em>85:</em></strong></span> <span class='ocrx_word' id='word_1_170' title='bbox 773 966 897 1000; x_wconf 75' lang='lat' dir='ltr'><strong><em>cupere</em></strong></span> <span class='ocrx_word' id='word_1_171' title='bbox 917 960 955 991; x_wconf 80' lang='lat' dir='ltr'><strong><em>te</em></strong></span> <span class='ocrx_word' id='word_1_172' title='bbox 978 967 1031 1001; x_wconf 61' lang='lat' dir='ltr'><strong><em>ea·</em></strong></span> <span class='ocrx_word' id='word_1_173' title='bbox 1051 939 1295 1001; x_wconf 58' lang='lat' dir='ltr'><strong><em>Aethiopia</em></strong></span> <span class='ocrx_word' id='word_1_174' title='bbox 1318 956 1616 990; x_wconf 75' lang='lat' dir='ltr'><strong><em>Ancillulam.</em></strong></span> <span class='ocrx_word' id='word_1_175' title='bbox 1640 953 1843 1002; x_wconf 81' lang='lat' dir='ltr'><strong><em>Kruegerus</em></strong></span> <span class='ocrx_word' id='word_1_176' title='bbox 1864 966 2002 1002; x_wconf 80' lang='lat' dir='ltr'><strong><em>gramm.</em></strong></span> 
     </span>
     <span class='ocr_line' id='line_1_14' title="bbox 197 1009 2002 1061; baseline 0.002 -17"><span class='ocrx_word' id='word_1_177' title='bbox 197 1023 229 1060; x_wconf 83' lang='lat' dir='ltr'><strong><em>p.</em></strong></span> <span class='ocrx_word' id='word_1_178' title='bbox 255 1011 339 1047; x_wconf 72' lang='lat' dir='ltr'><strong><em>flss7.</em></strong></span> <span class='ocrx_word' id='word_1_179' title='bbox 363 1010 469 1046; x_wconf 88' lang='lat' dir='ltr'><strong><em>affert</em></strong></span> <span class='ocrx_word' id='word_1_180' title='bbox 491 1009 559 1046; x_wconf 85' lang='lat' dir='ltr'><strong><em>Ad.</em></strong></span> <span class='ocrx_word' id='word_1_181' title='bbox 584 1009 648 1057; x_wconf 83' lang='lat' dir='ltr'><strong><em>IV,</em></strong></span> <span class='ocrx_word' id='word_1_182' title='bbox 680 1012 716 1054; x_wconf 84' lang='grc'><strong><em>2,</em></strong></span> <span class='ocrx_word' id='word_1_183' title='bbox 739 1011 782 1046; x_wconf 78' lang='lat'><strong><em>2:</em></strong></span> <span class='ocrx_word' id='word_1_184' title='bbox 809 1024 831 1046; x_wconf 91' lang='lat' dir='ltr'><strong><em>a</em></strong></span> <span class='ocrx_word' id='word_1_185' title='bbox 854 1013 970 1047; x_wconf 78' lang='lat' dir='ltr'><strong><em>villa</em></strong></span> <span class='ocrx_word' id='word_1_186' title='bbox 993 1014 1317 1048; x_wconf 74' lang='lat' dir='ltr'><strong><em>mercenarium</em></strong></span> <span class='ocrx_word' id='word_1_187' title='bbox 1346 1012 1435 1056; x_wconf 80' lang='lat' dir='ltr'><strong><em>Vidi,</em></strong></span> <span class='ocrx_word' id='word_1_188' title='bbox 1468 1009 1689 1047; x_wconf 87' lang='lat' dir='ltr'><strong><em>Wuellnerus</em></strong></span> <span class='ocrx_word' id='word_1_189' title='bbox 1722 1010 1763 1047; x_wconf 91' lang='lat' dir='ltr'><strong><em>de</em></strong></span> <span class='ocrx_word' id='word_1_190' title='bbox 1800 1011 1937 1048; x_wconf 79' lang='lat' dir='ltr'><strong><em>casibus</em></strong></span> <span class='ocrx_word' id='word_1_191' title='bbox 1970 1025 2002 1061; x_wconf 86' lang='lat' dir='ltr'><strong><em>p.</em></strong></span> 
     </span>
     <span class='ocr_line' id='line_1_15' title="bbox 194 1067 2004 1116; baseline 0.001 -13"><span class='ocrx_word' id='word_1_192' title='bbox 194 1070 250 1104; x_wconf 83' lang='lat'><strong><em>27.</em></strong></span> <span class='ocrx_word' id='word_1_193' title='bbox 274 1068 402 1116; x_wconf 86' lang='lat' dir='ltr'><strong><em>Hecyr.</em></strong></span> <span class='ocrx_word' id='word_1_194' title='bbox 428 1067 474 1113; x_wconf 86' lang='lat' dir='ltr'><strong><em>V,</em></strong></span> <span class='ocrx_word' id='word_1_195' title='bbox 499 1070 534 1113; x_wconf 92' lang='lat'><strong><em>1,</em></strong></span> <span class='ocrx_word' id='word_1_196' title='bbox 558 1068 624 1103; x_wconf 81' lang='lat'><strong><em>29:</em></strong></span> <span class='ocrx_word' id='word_1_197' title='bbox 657 1070 690 1103; x_wconf 84' lang='lat' dir='ltr'><strong><em>si</em></strong></span> <span class='ocrx_word' id='word_1_198' title='bbox 711 1074 804 1104; x_wconf 81' lang='lat' dir='ltr'><strong><em>esset</em></strong></span> <span class='ocrx_word' id='word_1_199' title='bbox 832 1071 929 1104; x_wconf 87' lang='lat' dir='ltr'><strong><em>alia</em></strong></span> <span class='ocrx_word' id='word_1_200' title='bbox 952 1081 1004 1104; x_wconf 75' lang='lat' dir='ltr'><strong><em>ea·</em></strong></span> <span class='ocrx_word' id='word_1_201' title='bbox 1035 1070 1114 1104; x_wconf 74' lang='lat' dir='ltr'><strong><em>hac</em></strong></span> <span class='ocrx_word' id='word_1_202' title='bbox 1145 1075 1349 1116; x_wconf 75' lang='lat' dir='ltr'><strong><em>quaestu,</em></strong></span> <span class='ocrx_word' id='word_1_203' title='bbox 1381 1070 1647 1114; x_wconf 72' lang='lat' dir='ltr'><strong><em>haudsacere‘t,</em></strong></span> <span class='ocrx_word' id='word_1_204' title='bbox 1670 1071 1751 1112; x_wconf 80' lang='lat' dir='ltr'><strong><em>scio,</em></strong></span> <span class='ocrx_word' id='word_1_205' title='bbox 1783 1069 1816 1106; x_wconf 91' lang='lat' dir='ltr'><strong><em>h.</em></strong></span> <span class='ocrx_word' id='word_1_206' title='bbox 1842 1081 1874 1104; x_wconf 85' lang='lat' dir='ltr'><strong><em>e.</em></strong></span> <span class='ocrx_word' id='word_1_207' title='bbox 1908 1069 2004 1104; x_wconf 88' lang='lat' dir='ltr'><strong><em>huius</em></strong></span> 
     </span>
     <span class='ocr_line' id='line_1_16' title="bbox 192 1125 2002 1176; baseline 0.001 -15"><span class='ocrx_word' id='word_1_208' title='bbox 192 1131 364 1173; x_wconf 82' lang='lat' dir='ltr'><strong><em>quaestus,</em></strong></span> <span class='ocrx_word' id='word_1_209' title='bbox 390 1138 422 1163; x_wconf 87' lang='lat' dir='ltr'><strong><em>v.</em></strong></span> <span class='ocrx_word' id='word_1_210' title='bbox 446 1125 584 1162; x_wconf 83' lang='lat' dir='ltr'><strong><em>Ruhnk.</em></strong></span> <span class='ocrx_word' id='word_1_211' title='bbox 609 1125 724 1164; x_wconf 88' lang='lat' dir='ltr'><strong><em>dictat.</em></strong></span> <span class='ocrx_word' id='word_1_212' title='bbox 748 1126 783 1162; x_wconf 91' lang='lat' dir='ltr'><strong><em>in</em></strong></span> <span class='ocrx_word' id='word_1_213' title='bbox 808 1125 954 1163; x_wconf 85' lang='lat' dir='ltr'><strong><em>Terent.</em></strong></span> <span class='ocrx_word' id='word_1_214' title='bbox 978 1126 1001 1162; x_wconf 94' lang='lat' dir='ltr'><strong><em>l.</em></strong></span> <span class='ocrx_word' id='word_1_215' title='bbox 1025 1125 1048 1162; x_wconf 92' lang='lat' dir='ltr'><strong><em>l.</em></strong></span> <span class='ocrx_word' id='word_1_216' title='bbox 1073 1130 1108 1162; x_wconf 90' lang='lat' dir='ltr'><strong><em>et</em></strong></span> <span class='ocrx_word' id='word_1_217' title='bbox 1131 1125 1366 1163; x_wconf 84' lang='lat' dir='ltr'><strong><em>Schaefferum</em></strong></span> <span class='ocrx_word' id='word_1_218' title='bbox 1390 1126 1432 1163; x_wconf 90' lang='lat' dir='ltr'><strong><em>de</em></strong></span> <span class='ocrx_word' id='word_1_219' title='bbox 1464 1139 1527 1162; x_wconf 90' lang='lat' dir='ltr'><strong><em>usu</em></strong></span> <span class='ocrx_word' id='word_1_220' title='bbox 1553 1138 1669 1176; x_wconf 83' lang='lat' dir='ltr'><strong><em>praep.</em></strong></span> <span class='ocrx_word' id='word_1_221' title='bbox 1696 1125 1781 1162; x_wconf 87' lang='lat' dir='ltr'><strong><em>Ter.</em></strong></span> <span class='ocrx_word' id='word_1_222' title='bbox 1806 1140 1837 1176; x_wconf 92' lang='lat' dir='ltr'><strong><em>p.</em></strong></span> <span class='ocrx_word' id='word_1_223' title='bbox 1864 1129 1920 1162; x_wconf 77' lang='lat' dir='ltr'><strong><em>lo.</em></strong></span> <span class='ocrx_word' id='word_1_224' title='bbox 1949 1127 2002 1162; x_wconf 86' lang='lat' dir='ltr'><strong><em>De</em></strong></span> 
     </span>
     <span class='ocr_line' id='line_1_17' title="bbox 197 1178 1607 1234; baseline 0 -16"><span class='ocrx_word' id='word_1_225' title='bbox 197 1183 446 1231; x_wconf 87' lang='lat' dir='ltr'><strong><em>posterioribus</em></strong></span> <span class='ocrx_word' id='word_1_226' title='bbox 494 1183 716 1232; x_wconf 85' lang='lat' dir='ltr'><strong><em>scriptoribus</em></strong></span> <span class='ocrx_word' id='word_1_227' title='bbox 741 1183 809 1220; x_wconf 84' lang='lat' dir='ltr'><strong><em>vid.</em></strong></span> <span class='ocrx_word' id='word_1_228' title='bbox 835 1183 1037 1220; x_wconf 91' lang='lat' dir='ltr'><strong><em>Weissenb.</em></strong></span> <span class='ocrx_word' id='word_1_229' title='bbox 1068 1189 1157 1232; x_wconf 84' lang='lat' dir='ltr'><strong><em>synt.</em></strong></span> <span class='ocrx_word' id='word_1_230' title='bbox 1192 1178 1251 1222; x_wconf 80' lang='lat' dir='ltr'><strong><em>la&#39;t.</em></strong></span> <span class='ocrx_word' id='word_1_231' title='bbox 1282 1197 1314 1234; x_wconf 85' lang='lat' dir='ltr'><strong><em>p.</em></strong></span> <span class='ocrx_word' id='word_1_232' title='bbox 1341 1186 1400 1228; x_wconf 75' lang='lat'><strong><em>67,</em></strong></span> <span class='ocrx_word' id='word_1_233' title='bbox 1432 1183 1545 1219; x_wconf 84' lang='lat' dir='ltr'><strong><em>adnot.</em></strong></span> <span class='ocrx_word' id='word_1_234' title='bbox 1572 1185 1607 1219; x_wconf 80' lang='lat'><strong><em>2.</em></strong></span> 
     </span>
    </p>

    <p class='ocr_par' dir='ltr' id='par_1_3' title="bbox 183 1239 2001 2611">
     <span class='ocr_line' id='line_1_18' title="bbox 286 1239 2001 1290; baseline 0.001 -14"><span class='ocrx_word' id='word_1_235' title='bbox 286 1239 444 1290; x_wconf 88' lang='lat' dir='ltr'><strong><em>Inprimis</em></strong></span> <span class='ocrx_word' id='word_1_236' title='bbox 469 1241 533 1277; x_wconf 89' lang='lat' dir='ltr'><strong><em>buc</em></strong></span> <span class='ocrx_word' id='word_1_237' title='bbox 559 1244 713 1290; x_wconf 88' lang='lat' dir='ltr'><strong><em>spectant</em></strong></span> <span class='ocrx_word' id='word_1_238' title='bbox 738 1241 948 1278; x_wconf 89' lang='lat' dir='ltr'><strong><em>substantiva</em></strong></span> <span class='ocrx_word' id='word_1_239' title='bbox 970 1241 1134 1287; x_wconf 82' lang='lat' dir='ltr'><strong><em>verbalia,</em></strong></span> <span class='ocrx_word' id='word_1_240' title='bbox 1159 1242 1301 1277; x_wconf 87' lang='lat' dir='ltr'><strong><em>maxime</em></strong></span> <span class='ocrx_word' id='word_1_241' title='bbox 1325 1242 1360 1277; x_wconf 85' lang='lat' dir='ltr'><strong><em>in</em></strong></span> <span class='ocrx_word' id='word_1_242' title='bbox 1385 1245 1429 1285; x_wconf 81' lang='lat' dir='ltr'><strong><em>io,</em></strong></span> <span class='ocrx_word' id='word_1_243' title='bbox 1455 1241 1498 1277; x_wconf 88' lang='lat' dir='ltr'><strong><em>ad</em></strong></span> <span class='ocrx_word' id='word_1_244' title='bbox 1519 1254 1604 1288; x_wconf 91' lang='lat' dir='ltr'><strong><em>quae</em></strong></span> <span class='ocrx_word' id='word_1_245' title='bbox 1629 1243 1778 1289; x_wconf 87' lang='lat' dir='ltr'><strong><em>quoniam</em></strong></span> <span class='ocrx_word' id='word_1_246' title='bbox 1803 1247 2001 1290; x_wconf 86' lang='lat' dir='ltr'><strong><em>perventum</em></strong></span> 
     </span>
     <span class='ocr_line' id='line_1_19' title="bbox 191 1297 2001 1348; baseline 0.001 -16"><span class='ocrx_word' id='word_1_247' title='bbox 191 1303 257 1343; x_wconf 88' lang='lat' dir='ltr'><strong><em>est,</em></strong></span> <span class='ocrx_word' id='word_1_248' title='bbox 282 1297 324 1333; x_wconf 86' lang='lat' dir='ltr'><strong><em>de</em></strong></span> <span class='ocrx_word' id='word_1_249' title='bbox 349 1298 598 1346; x_wconf 87' lang='lat' dir='ltr'><strong><em>significatione</em></strong></span> <span class='ocrx_word' id='word_1_250' title='bbox 623 1310 738 1334; x_wconf 88' lang='lat' dir='ltr'><strong><em>eorum</em></strong></span> <span class='ocrx_word' id='word_1_251' title='bbox 762 1302 860 1346; x_wconf 90' lang='lat' dir='ltr'><strong><em>atque</em></strong></span> <span class='ocrx_word' id='word_1_252' title='bbox 884 1298 1013 1346; x_wconf 89' lang='lat' dir='ltr'><strong><em>reliquo</em></strong></span> <span class='ocrx_word' id='word_1_253' title='bbox 1037 1310 1100 1334; x_wconf 91' lang='lat' dir='ltr'><strong><em>usu</em></strong></span> <span class='ocrx_word' id='word_1_254' title='bbox 1123 1298 1285 1335; x_wconf 88' lang='lat' dir='ltr'><strong><em>nonnulla</em></strong></span> <span class='ocrx_word' id='word_1_255' title='bbox 1301 1299 1451 1348; x_wconf 82' lang='lat' dir='ltr'><strong><em>praefari</em></strong></span> <span class='ocrx_word' id='word_1_256' title='bbox 1468 1298 1559 1334; x_wconf 87' lang='lat' dir='ltr'><strong><em>libet.</em></strong></span> <span class='ocrx_word' id='word_1_257' title='bbox 1608 1298 1825 1334; x_wconf 89' lang='lat' dir='ltr'><strong><em>Substantiva</em></strong></span> <span class='ocrx_word' id='word_1_258' title='bbox 1851 1298 2001 1334; x_wconf 85' lang='lat' dir='ltr'><strong><em>verbalia</em></strong></span> 
     </span>
     <span class='ocr_line' id='line_1_20' title="bbox 190 1355 2001 1406; baseline 0.001 -15"><span class='ocrx_word' id='word_1_259' title='bbox 190 1355 225 1390; x_wconf 88' lang='lat' dir='ltr'><strong><em>in</em></strong></span> <span class='ocrx_word' id='word_1_260' title='bbox 250 1358 283 1392; x_wconf 87' lang='lat' dir='ltr'><strong><em>io</em></strong></span> <span class='ocrx_word' id='word_1_261' title='bbox 307 1355 478 1402; x_wconf 84' lang='lat' dir='ltr'><strong><em>exeuntia,</em></strong></span> <span class='ocrx_word' id='word_1_262' title='bbox 508 1356 538 1392; x_wconf 92' lang='lat' dir='ltr'><strong><em>si</em></strong></span> <span class='ocrx_word' id='word_1_263' title='bbox 563 1360 697 1406; x_wconf 86' lang='lat' dir='ltr'><strong><em>spectas</em></strong></span> <span class='ocrx_word' id='word_1_264' title='bbox 724 1356 1005 1405; x_wconf 85' lang='lat' dir='ltr'><strong><em>significationem</em></strong></span> <span class='ocrx_word' id='word_1_265' title='bbox 1029 1368 1159 1402; x_wconf 85' lang='lat' dir='ltr'><strong><em>eorum,</em></strong></span> <span class='ocrx_word' id='word_1_266' title='bbox 1185 1356 1327 1393; x_wconf 89' lang='lat' dir='ltr'><strong><em>medium</em></strong></span> <span class='ocrx_word' id='word_1_267' title='bbox 1352 1357 1447 1404; x_wconf 87' lang='lat' dir='ltr'><strong><em>quasi</em></strong></span> <span class='ocrx_word' id='word_1_268' title='bbox 1471 1356 1580 1392; x_wconf 90' lang='lat' dir='ltr'><strong><em>locum</em></strong></span> <span class='ocrx_word' id='word_1_269' title='bbox 1607 1361 1721 1393; x_wconf 89' lang='lat' dir='ltr'><strong><em>tenent</em></strong></span> <span class='ocrx_word' id='word_1_270' title='bbox 1750 1357 1839 1393; x_wconf 87' lang='lat' dir='ltr'><strong><em>iuter</em></strong></span> <span class='ocrx_word' id='word_1_271' title='bbox 1871 1356 2001 1404; x_wconf 88' lang='lat' dir='ltr'><strong><em>reliqua</em></strong></span> 
     </span>
     <span class='ocr_line' id='line_1_21' title="bbox 192 1413 2001 1463; baseline 0 -14"><span class='ocrx_word' id='word_1_272' title='bbox 192 1414 402 1449; x_wconf 88' lang='lat' dir='ltr'><strong><em>substantiva</em></strong></span> <span class='ocrx_word' id='word_1_273' title='bbox 427 1418 461 1448; x_wconf 85' lang='lat' dir='ltr'><strong><em>et</em></strong></span> <span class='ocrx_word' id='word_1_274' title='bbox 484 1414 601 1459; x_wconf 88' lang='lat' dir='ltr'><strong><em>verba,</em></strong></span> <span class='ocrx_word' id='word_1_275' title='bbox 627 1426 647 1449; x_wconf 92' lang='lat' dir='ltr'><strong><em>a</em></strong></span> <span class='ocrx_word' id='word_1_276' title='bbox 672 1414 788 1461; x_wconf 88' lang='lat' dir='ltr'><strong><em>quibus</em></strong></span> <span class='ocrx_word' id='word_1_277' title='bbox 813 1413 966 1449; x_wconf 87' lang='lat' dir='ltr'><strong><em>derivata</em></strong></span> <span class='ocrx_word' id='word_1_278' title='bbox 991 1418 1081 1459; x_wconf 90' lang='lat' dir='ltr'><strong><em>sunt,</em></strong></span> <span class='ocrx_word' id='word_1_279' title='bbox 1107 1413 1248 1462; x_wconf 87' lang='lat' dir='ltr'><strong><em>ideoque</em></strong></span> <span class='ocrx_word' id='word_1_280' title='bbox 1274 1414 1463 1463; x_wconf 90' lang='lat' dir='ltr'><strong><em>exprimunt</em></strong></span> <span class='ocrx_word' id='word_1_281' title='bbox 1487 1419 1521 1449; x_wconf 91' lang='lat' dir='ltr'><strong><em>et</em></strong></span> <span class='ocrx_word' id='word_1_282' title='bbox 1545 1415 1722 1460; x_wconf 84' lang='lat' dir='ltr'><strong><em>actionem,</em></strong></span> <span class='ocrx_word' id='word_1_283' title='bbox 1755 1422 1788 1449; x_wconf 91' lang='lat' dir='ltr'><strong><em>ut</em></strong></span> <span class='ocrx_word' id='word_1_284' title='bbox 1814 1415 1931 1460; x_wconf 89' lang='lat' dir='ltr'><strong><em>verba,</em></strong></span> <span class='ocrx_word' id='word_1_285' title='bbox 1965 1419 2001 1449; x_wconf 88' lang='lat' dir='ltr'><strong><em>et</em></strong></span> 
     </span>
     <span class='ocr_line' id='line_1_22' title="bbox 192 1471 1998 1520; baseline -0.001 -12"><span class='ocrx_word' id='word_1_286' title='bbox 192 1472 425 1516; x_wconf 86' lang='lat' dir='ltr'><strong><em>substantiam,</em></strong></span> <span class='ocrx_word' id='word_1_287' title='bbox 452 1476 488 1506; x_wconf 95' lang='lat' dir='ltr'><strong><em>ut</em></strong></span> <span class='ocrx_word' id='word_1_288' title='bbox 512 1471 735 1517; x_wconf 86' lang='lat' dir='ltr'><strong><em>substantiva,</em></strong></span> <span class='ocrx_word' id='word_1_289' title='bbox 769 1472 912 1507; x_wconf 86' lang='lat' dir='ltr'><strong><em>activam</em></strong></span> <span class='ocrx_word' id='word_1_290' title='bbox 938 1472 1172 1517; x_wconf 82' lang='lat' dir='ltr'><strong><em>substantiam,</em></strong></span> <span class='ocrx_word' id='word_1_291' title='bbox 1207 1476 1241 1507; x_wconf 91' lang='lat' dir='ltr'><strong><em>ut</em></strong></span> <span class='ocrx_word' id='word_1_292' title='bbox 1264 1472 1312 1507; x_wconf 84' lang='lat' dir='ltr'><strong><em>ita</em></strong></span> <span class='ocrx_word' id='word_1_293' title='bbox 1337 1471 1454 1509; x_wconf 88' lang='lat' dir='ltr'><strong><em>dicam.</em></strong></span> <span class='ocrx_word' id='word_1_294' title='bbox 1502 1471 1653 1508; x_wconf 85' lang='lat' dir='ltr'><strong><em>Maxime</em></strong></span> <span class='ocrx_word' id='word_1_295' title='bbox 1678 1476 1819 1520; x_wconf 85' lang='lat' dir='ltr'><strong><em>cognata</em></strong></span> <span class='ocrx_word' id='word_1_296' title='bbox 1843 1477 1921 1507; x_wconf 90' lang='lat' dir='ltr'><strong><em>sunt</em></strong></span> <span class='ocrx_word' id='word_1_297' title='bbox 1946 1473 1998 1506; x_wconf 91' lang='lat' dir='ltr'><strong><em>in-</em></strong></span> 
     </span>
     <span class='ocr_line' id='line_1_23' title="bbox 189 1528 1998 1579; baseline -0.001 -14"><span class='ocrx_word' id='word_1_298' title='bbox 189 1529 333 1574; x_wconf 90' lang='lat' dir='ltr'><strong><em>finitivo,</em></strong></span> <span class='ocrx_word' id='word_1_299' title='bbox 361 1528 422 1564; x_wconf 88' lang='lat' dir='ltr'><strong><em>sed</em></strong></span> <span class='ocrx_word' id='word_1_300' title='bbox 447 1540 488 1563; x_wconf 87' lang='lat' dir='ltr'><strong><em>eo</em></strong></span> <span class='ocrx_word' id='word_1_301' title='bbox 514 1533 624 1563; x_wconf 85' lang='lat' dir='ltr'><strong><em>tamen</em></strong></span> <span class='ocrx_word' id='word_1_302' title='bbox 650 1528 811 1564; x_wconf 87' lang='lat' dir='ltr'><strong><em>differunt</em></strong></span> <span class='ocrx_word' id='word_1_303' title='bbox 836 1529 876 1564; x_wconf 91' lang='lat' dir='ltr'><strong><em>ab</em></strong></span> <span class='ocrx_word' id='word_1_304' title='bbox 903 1540 958 1574; x_wconf 86' lang='lat' dir='ltr'><strong><em>eo,</em></strong></span> <span class='ocrx_word' id='word_1_305' title='bbox 992 1528 1079 1577; x_wconf 90' lang='lat' dir='ltr'><strong><em>quod</em></strong></span> <span class='ocrx_word' id='word_1_306' title='bbox 1104 1529 1166 1566; x_wconf 84' lang='lat' dir='ltr'><strong><em>inf.</em></strong></span> <span class='ocrx_word' id='word_1_307' title='bbox 1193 1528 1299 1564; x_wconf 87' lang='lat' dir='ltr'><strong><em>solum</em></strong></span> <span class='ocrx_word' id='word_1_308' title='bbox 1332 1528 1404 1565; x_wconf 85' lang='lat' dir='ltr'><strong><em>fieri</em></strong></span> <span class='ocrx_word' id='word_1_309' title='bbox 1436 1541 1540 1579; x_wconf 89' lang='lat' dir='ltr'><strong><em>posse</em></strong></span> <span class='ocrx_word' id='word_1_310' title='bbox 1574 1530 1751 1578; x_wconf 81' lang='lat' dir='ltr'><strong><em>cogitatam</em></strong></span> <span class='ocrx_word' id='word_1_311' title='bbox 1783 1529 1926 1577; x_wconf 85' lang='lat' dir='ltr'><strong><em>aliquam</em></strong></span> <span class='ocrx_word' id='word_1_312' title='bbox 1959 1541 1998 1564; x_wconf 91' lang='lat' dir='ltr'><strong><em>a-</em></strong></span> 
     </span>
     <span class='ocr_line' id='line_1_24' title="bbox 191 1586 1996 1638; baseline -0.002 -14"><span class='ocrx_word' id='word_1_313' title='bbox 191 1588 335 1624; x_wconf 89' lang='lat' dir='ltr'><strong><em>ctionem</em></strong></span> <span class='ocrx_word' id='word_1_314' title='bbox 360 1586 544 1634; x_wconf 84' lang='lat' dir='ltr'><strong><em>significat,</em></strong></span> <span class='ocrx_word' id='word_1_315' title='bbox 579 1598 626 1638; x_wconf 69' lang='lat' dir='ltr'><strong><em>ex</em></strong></span> <span class='ocrx_word' id='word_1_316' title='bbox 653 1599 716 1634; x_wconf 86' lang='lat' dir='ltr'><strong><em>qua</em></strong></span> <span class='ocrx_word' id='word_1_317' title='bbox 741 1587 828 1622; x_wconf 87' lang='lat' dir='ltr'><strong><em>actio</em></strong></span> <span class='ocrx_word' id='word_1_318' title='bbox 855 1592 949 1622; x_wconf 87' lang='lat' dir='ltr'><strong><em>certa</em></strong></span> <span class='ocrx_word' id='word_1_319' title='bbox 973 1586 1118 1623; x_wconf 87' lang='lat' dir='ltr'><strong><em>nondum</em></strong></span> <span class='ocrx_word' id='word_1_320' title='bbox 1142 1586 1280 1636; x_wconf 87' lang='lat' dir='ltr'><strong><em>prodiit,</em></strong></span> <span class='ocrx_word' id='word_1_321' title='bbox 1306 1586 1366 1622; x_wconf 88' lang='lat' dir='ltr'><strong><em>sed</em></strong></span> <span class='ocrx_word' id='word_1_322' title='bbox 1390 1587 1426 1622; x_wconf 90' lang='lat' dir='ltr'><strong><em>in</em></strong></span> <span class='ocrx_word' id='word_1_323' title='bbox 1451 1599 1493 1622; x_wconf 89' lang='lat' dir='ltr'><strong><em>ea</em></strong></span> <span class='ocrx_word' id='word_1_324' title='bbox 1516 1587 1598 1622; x_wconf 92' lang='lat' dir='ltr'><strong><em>latet</em></strong></span> <span class='ocrx_word' id='word_1_325' title='bbox 1622 1586 1745 1623; x_wconf 89' lang='lat' dir='ltr'><strong><em>demum</em></strong></span> <span class='ocrx_word' id='word_1_326' title='bbox 1771 1586 1876 1622; x_wconf 90' lang='lat' dir='ltr'><strong><em>adhuc</em></strong></span> <span class='ocrx_word' id='word_1_327' title='bbox 1901 1593 1937 1621; x_wconf 93' lang='grc' dir='ltr'><strong><em>ιιι</em></strong></span> <span class='ocrx_word' id='word_1_328' title='bbox 1961 1588 1996 1621; x_wconf 92' lang='lat' dir='ltr'><strong><em>in</em></strong></span> 
     </span>
     <span class='ocr_line' id='line_1_25' title="bbox 192 1643 1996 1693; baseline -0.001 -13"><span class='ocrx_word' id='word_1_329' title='bbox 192 1645 357 1693; x_wconf 84' lang='lat' dir='ltr'><strong><em>germine,</em></strong></span> <span class='ocrx_word' id='word_1_330' title='bbox 384 1644 437 1678; x_wconf 91' lang='lat' dir='ltr'><strong><em>cui</em></strong></span> <span class='ocrx_word' id='word_1_331' title='bbox 463 1644 705 1678; x_wconf 88' lang='lat' dir='ltr'><strong><em>substantivum</em></strong></span> <span class='ocrx_word' id='word_1_332' title='bbox 731 1644 867 1678; x_wconf 84' lang='lat' dir='ltr'><strong><em>verbale</em></strong></span> <span class='ocrx_word' id='word_1_333' title='bbox 893 1644 945 1690; x_wconf 90' lang='lat' dir='ltr'><strong><em>(ut</em></strong></span> <span class='ocrx_word' id='word_1_334' title='bbox 970 1643 1023 1678; x_wconf 89' lang='lat' dir='ltr'><strong><em>vel</em></strong></span> <span class='ocrx_word' id='word_1_335' title='bbox 1047 1655 1168 1679; x_wconf 88' lang='lat' dir='ltr'><strong><em>nomen</em></strong></span> <span class='ocrx_word' id='word_1_336' title='bbox 1194 1643 1268 1678; x_wconf 83' lang='lat' dir='ltr'><strong><em>eius</em></strong></span> <span class='ocrx_word' id='word_1_337' title='bbox 1294 1643 1425 1688; x_wconf 86' lang='lat' dir='ltr'><strong><em>docet,)</em></strong></span> <span class='ocrx_word' id='word_1_338' title='bbox 1450 1644 1670 1680; x_wconf 85' lang='lat' dir='ltr'><strong><em>substantiam</em></strong></span> <span class='ocrx_word' id='word_1_339' title='bbox 1692 1644 1785 1691; x_wconf 86' lang='lat' dir='ltr'><strong><em>quasi</em></strong></span> <span class='ocrx_word' id='word_1_340' title='bbox 1810 1647 1845 1678; x_wconf 89' lang='lat' dir='ltr'><strong><em>et</em></strong></span> <span class='ocrx_word' id='word_1_341' title='bbox 1870 1655 1996 1692; x_wconf 85' lang='lat' dir='ltr'><strong><em>corpus</em></strong></span> 
     </span>
     <span class='ocr_line' id='line_1_26' title="bbox 191 1700 1995 1748; baseline -0.001 -9"><span class='ocrx_word' id='word_1_342' title='bbox 191 1702 295 1748; x_wconf 85' lang='lat' dir='ltr'><strong><em>addit,</em></strong></span> <span class='ocrx_word' id='word_1_343' title='bbox 322 1702 381 1744; x_wconf 82' lang='lat' dir='ltr'><strong><em>(cf.</em></strong></span> <span class='ocrx_word' id='word_1_344' title='bbox 408 1700 518 1736; x_wconf 85' lang='lat' dir='ltr'><strong><em>Plaut.</em></strong></span> <span class='ocrx_word' id='word_1_345' title='bbox 545 1700 647 1736; x_wconf 91' lang='lat' dir='ltr'><strong><em>Trin.</em></strong></span> <span class='ocrx_word' id='word_1_346' title='bbox 672 1700 702 1747; x_wconf 90' lang='grc' dir='ltr'><strong><em>Ι,</em></strong></span> <span class='ocrx_word' id='word_1_347' title='bbox 727 1703 763 1747; x_wconf 90' lang='grc'><strong><em>2,</em></strong></span> <span class='ocrx_word' id='word_1_348' title='bbox 788 1703 830 1737; x_wconf 82' lang='lat'><strong><em>2:</em></strong></span> <span class='ocrx_word' id='word_1_349' title='bbox 856 1714 1031 1745; x_wconf 81' lang='lat' dir='ltr'><strong><em>venerare,</em></strong></span> <span class='ocrx_word' id='word_1_350' title='bbox 1056 1708 1098 1737; x_wconf 83' lang='lat' dir='ltr'><strong><em>ut</em></strong></span> <span class='ocrx_word' id='word_1_351' title='bbox 1120 1702 1217 1737; x_wconf 76' lang='lat' dir='ltr'><strong><em>nobis</em></strong></span> <span class='ocrx_word' id='word_1_352' title='bbox 1240 1702 1345 1737; x_wconf 78' lang='lat' dir='ltr'><strong><em>haec</em></strong></span> <span class='ocrx_word' id='word_1_353' title='bbox 1368 1702 1598 1738; x_wconf 77' lang='lat' dir='ltr'><strong><em>habitatio</em></strong></span> <span class='ocrx_word' id='word_1_354' title='bbox 1629 1704 1728 1738; x_wconf 84' lang='lat' dir='ltr'><strong><em>Bona</em></strong></span> <span class='ocrx_word' id='word_1_355' title='bbox 1741 1704 1995 1747; x_wconf 75' lang='lat' dir='ltr'><strong><em>fausta—eve—</em></strong></span> 
     </span>
     <span class='ocr_line' id='line_1_27' title="bbox 189 1758 1997 1805; baseline -0.002 -8"><span class='ocrx_word' id='word_1_356' title='bbox 189 1765 278 1797; x_wconf 83' lang='lat' dir='ltr'><strong><em>niat.</em></strong></span> <span class='ocrx_word' id='word_1_357' title='bbox 302 1759 378 1795; x_wconf 87' lang='lat' dir='ltr'><strong><em>Mil.</em></strong></span> <span class='ocrx_word' id='word_1_358' title='bbox 393 1758 440 1802; x_wconf 91' lang='lat' dir='ltr'><strong><em>Il,</em></strong></span> <span class='ocrx_word' id='word_1_359' title='bbox 463 1760 499 1802; x_wconf 87' lang='lat'><strong><em>2,</em></strong></span> <span class='ocrx_word' id='word_1_360' title='bbox 523 1759 588 1792; x_wconf 74' lang='lat'><strong><em>55:</em></strong></span> <span class='ocrx_word' id='word_1_361' title='bbox 614 1770 682 1793; x_wconf 83' lang='lat' dir='ltr'><strong><em>non</em></strong></span> <span class='ocrx_word' id='word_1_362' title='bbox 703 1761 821 1804; x_wconf 81' lang='lat' dir='ltr'><strong><em>placet</em></strong></span> <span class='ocrx_word' id='word_1_363' title='bbox 834 1762 994 1805; x_wconf 82' lang='lat' dir='ltr'><strong><em>prosecta</em></strong></span> <span class='ocrx_word' id='word_1_364' title='bbox 1009 1760 1095 1794; x_wconf 71' lang='lat' dir='ltr'><strong><em>milii</em></strong></span> <span class='ocrx_word' id='word_1_365' title='bbox 1116 1760 1257 1793; x_wconf 89' lang='lat' dir='ltr'><strong><em>illaec</em></strong></span> <span class='ocrx_word' id='word_1_366' title='bbox 1281 1760 1574 1804; x_wconf 78' lang='lat' dir='ltr'><strong><em>aedificatio.</em></strong></span> <span class='ocrx_word' id='word_1_367' title='bbox 1600 1772 1632 1795; x_wconf 92' lang='lat' dir='ltr'><strong><em>v.</em></strong></span> <span class='ocrx_word' id='word_1_368' title='bbox 1653 1760 1718 1794; x_wconf 76' lang='lat'><strong><em>98:</em></strong></span> <span class='ocrx_word' id='word_1_369' title='bbox 1746 1759 1921 1802; x_wconf 77' lang='lat' dir='ltr'><strong><em>Quantum</em></strong></span> <span class='ocrx_word' id='word_1_370' title='bbox 1944 1761 1997 1793; x_wconf 82' lang='lat' dir='ltr'><strong><em>vis</em></strong></span> 
     </span>
     <span class='ocr_line' id='line_1_28' title="bbox 184 1814 1997 1866; baseline -0.002 -13"><span class='ocrx_word' id='word_1_371' title='bbox 184 1819 553 1866; x_wconf 78' lang='lat' dir='ltr'><strong><em>prolationumst.</em></strong></span> <span class='ocrx_word' id='word_1_372' title='bbox 581 1814 646 1860; x_wconf 89' lang='grc' dir='ltr'><strong>ΙΙΙ,</strong></span> <span class='ocrx_word' id='word_1_373' title='bbox 673 1818 706 1861; x_wconf 90' lang='lat'><strong><em>1,</em></strong></span> <span class='ocrx_word' id='word_1_374' title='bbox 732 1816 798 1850; x_wconf 83' lang='lat'><strong><em>75:</em></strong></span> <span class='ocrx_word' id='word_1_375' title='bbox 828 1818 933 1862; x_wconf 81' lang='lat' dir='ltr'><strong><em>optio.</em></strong></span> <span class='ocrx_word' id='word_1_376' title='bbox 959 1817 997 1861; x_wconf 75' lang='lat'><strong><em>8,</em></strong></span> <span class='ocrx_word' id='word_1_377' title='bbox 1021 1818 1088 1852; x_wconf 78' lang='lat'><strong><em>67:</em></strong></span> <span class='ocrx_word' id='word_1_378' title='bbox 1126 1816 1192 1851; x_wconf 74' lang='lat' dir='ltr'><strong><em>Ubi</em></strong></span> <span class='ocrx_word' id='word_1_379' title='bbox 1212 1819 1314 1860; x_wconf 76' lang='lat' dir='ltr'><strong><em>facta</em></strong></span> <span class='ocrx_word' id='word_1_380' title='bbox 1338 1819 1405 1852; x_wconf 83' lang='lat' dir='ltr'><strong><em>erit</em></strong></span> <span class='ocrx_word' id='word_1_381' title='bbox 1436 1819 1643 1851; x_wconf 85' lang='lat' dir='ltr'><strong><em>conlatio</em></strong></span> <span class='ocrx_word' id='word_1_382' title='bbox 1670 1822 1865 1851; x_wconf 71' lang='lat' dir='ltr'><strong><em>nostrarum</em></strong></span> <span class='ocrx_word' id='word_1_383' title='bbox 1893 1818 1997 1850; x_wconf 87' lang='lat' dir='ltr'><strong><em>mali-</em></strong></span> 
     </span>
     <span class='ocr_line' id='line_1_29' title="bbox 188 1871 1999 1921; baseline -0.002 -11"><span class='ocrx_word' id='word_1_384' title='bbox 188 1878 326 1910; x_wconf 84' lang='lat' dir='ltr'><strong><em>tiarum.</em></strong></span> <span class='ocrx_word' id='word_1_385' title='bbox 352 1871 415 1917; x_wconf 85' lang='lat' dir='ltr'><strong><em>IV,</em></strong></span> <span class='ocrx_word' id='word_1_386' title='bbox 439 1875 476 1917; x_wconf 79' lang='lat'><strong><em>6,</em></strong></span> <span class='ocrx_word' id='word_1_387' title='bbox 501 1873 566 1906; x_wconf 77' lang='lat'><strong><em>22:</em></strong></span> <span class='ocrx_word' id='word_1_388' title='bbox 590 1874 814 1918; x_wconf 79' lang='lat' dir='ltr'><strong><em>praedicatio</em></strong></span> <span class='ocrx_word' id='word_1_389' title='bbox 839 1879 915 1910; x_wconf 81' lang='lat' dir='ltr'><strong><em>tua.</em></strong></span> <span class='ocrx_word' id='word_1_390' title='bbox 964 1872 1111 1910; x_wconf 87' lang='lat' dir='ltr'><strong><em>Terent.</em></strong></span> <span class='ocrx_word' id='word_1_391' title='bbox 1129 1871 1275 1921; x_wconf 77' lang='lat' dir='ltr'><strong><em>Adelph.</em></strong></span> <span class='ocrx_word' id='word_1_392' title='bbox 1293 1871 1355 1918; x_wconf 85' lang='lat' dir='ltr'><strong><em>lv,</em></strong></span> <span class='ocrx_word' id='word_1_393' title='bbox 1370 1874 1408 1918; x_wconf 87' lang='grc'><strong><em>2,</em></strong></span> <span class='ocrx_word' id='word_1_394' title='bbox 1432 1875 1496 1909; x_wconf 82' lang='lat'><strong><em>41:</em></strong></span> <span class='ocrx_word' id='word_1_395' title='bbox 1522 1873 1618 1908; x_wconf 84' lang='lat' dir='ltr'><strong><em>Sane</em></strong></span> <span class='ocrx_word' id='word_1_396' title='bbox 1635 1874 1775 1920; x_wconf 72' lang='lat' dir='ltr'><strong><em>propius</em></strong></span> <span class='ocrx_word' id='word_1_397' title='bbox 1799 1873 1863 1907; x_wconf 81' lang='lat' dir='ltr'><strong><em>ibis</em></strong></span> <span class='ocrx_word' id='word_1_398' title='bbox 1885 1874 1999 1907; x_wconf 73' lang='lat' dir='ltr'><strong><em>nmlto</em></strong></span> 
     </span>
     <span class='ocr_line' id='line_1_30' title="bbox 188 1930 1995 1976; baseline -0.002 -8"><span class='ocrx_word' id='word_1_399' title='bbox 188 1939 223 1969; x_wconf 86' lang='lat' dir='ltr'><strong><em>et</em></strong></span> <span class='ocrx_word' id='word_1_400' title='bbox 248 1933 357 1967; x_wconf 85' lang='lat' dir='ltr'><strong><em>minor</em></strong></span> <span class='ocrx_word' id='word_1_401' title='bbox 380 1931 446 1966; x_wconf 75' lang='lat' dir='ltr'><strong><em>hac</em></strong></span> <span class='ocrx_word' id='word_1_402' title='bbox 470 1936 523 1966; x_wconf 78' lang='lat' dir='ltr'><strong><em>est</em></strong></span> <span class='ocrx_word' id='word_1_403' title='bbox 547 1932 742 1976; x_wconf 78' lang='lat' dir='ltr'><strong><em>erratio,</em></strong></span> <span class='ocrx_word' id='word_1_404' title='bbox 782 1943 850 1966; x_wconf 84' lang='lat' dir='ltr'><strong><em>sec.</em></strong></span> <span class='ocrx_word' id='word_1_405' title='bbox 870 1931 1137 1967; x_wconf 89' lang='lat' dir='ltr'><strong><em>emendationem</em></strong></span> <span class='ocrx_word' id='word_1_406' title='bbox 1161 1930 1295 1975; x_wconf 91' lang='lat' dir='ltr'><strong><em>Bothii)</em></strong></span> <span class='ocrx_word' id='word_1_407' title='bbox 1323 1931 1371 1967; x_wconf 83' lang='lat' dir='ltr'><strong><em>ita</em></strong></span> <span class='ocrx_word' id='word_1_408' title='bbox 1395 1935 1516 1976; x_wconf 88' lang='lat' dir='ltr'><strong><em>tamen,</em></strong></span> <span class='ocrx_word' id='word_1_409' title='bbox 1542 1937 1578 1966; x_wconf 92' lang='lat' dir='ltr'><strong><em>ut</em></strong></span> <span class='ocrx_word' id='word_1_410' title='bbox 1601 1943 1673 1966; x_wconf 89' lang='lat' dir='ltr'><strong><em>cum</em></strong></span> <span class='ocrx_word' id='word_1_411' title='bbox 1696 1931 1796 1966; x_wconf 87' lang='lat' dir='ltr'><strong><em>verbo</em></strong></span> <span class='ocrx_word' id='word_1_412' title='bbox 1822 1943 1895 1966; x_wconf 80' lang='lat' dir='ltr'><strong><em>esse</em></strong></span> <span class='ocrx_word' id='word_1_413' title='bbox 1913 1942 1995 1965; x_wconf 87' lang='lat' dir='ltr'><strong><em>con-</em></strong></span> 
     </span>
     <span class='ocr_line' id='line_1_31' title="bbox 190 1986 1996 2037; baseline -0.001 -13"><span class='ocrx_word' id='word_1_414' title='bbox 190 1991 335 2024; x_wconf 90' lang='lat' dir='ltr'><strong><em>iunctum</em></strong></span> <span class='ocrx_word' id='word_1_415' title='bbox 360 1986 458 2022; x_wconf 89' lang='lat' dir='ltr'><strong><em>modo</em></strong></span> <span class='ocrx_word' id='word_1_416' title='bbox 485 1987 529 2022; x_wconf 91' lang='lat' dir='ltr'><strong><em>ad</em></strong></span> <span class='ocrx_word' id='word_1_417' title='bbox 552 1987 721 2033; x_wconf 85' lang='lat' dir='ltr'><strong><em>infinitivi,</em></strong></span> <span class='ocrx_word' id='word_1_418' title='bbox 746 1987 845 2023; x_wconf 90' lang='lat' dir='ltr'><strong><em>modo</em></strong></span> <span class='ocrx_word' id='word_1_419' title='bbox 871 1987 913 2023; x_wconf 91' lang='lat' dir='ltr'><strong><em>ad</em></strong></span> <span class='ocrx_word' id='word_1_420' title='bbox 937 1988 1133 2024; x_wconf 87' lang='lat' dir='ltr'><strong><em>nominativi</em></strong></span> <span class='ocrx_word' id='word_1_421' title='bbox 1158 1987 1315 2037; x_wconf 87' lang='lat' dir='ltr'><strong><em>gerundii</em></strong></span> <span class='ocrx_word' id='word_1_422' title='bbox 1340 1988 1413 2024; x_wconf 90' lang='lat' dir='ltr'><strong><em>sive</em></strong></span> <span class='ocrx_word' id='word_1_423' title='bbox 1438 1987 1628 2037; x_wconf 83' lang='lat' dir='ltr'><strong><em>gerundivi,</em></strong></span> <span class='ocrx_word' id='word_1_424' title='bbox 1665 1992 1699 2023; x_wconf 93' lang='lat' dir='ltr'><strong><em>ut</em></strong></span> <span class='ocrx_word' id='word_1_425' title='bbox 1728 1987 1775 2032; x_wconf 83' lang='lat' dir='ltr'><strong><em>hi,</em></strong></span> <span class='ocrx_word' id='word_1_426' title='bbox 1806 1987 1996 2023; x_wconf 86' lang='lat' dir='ltr'><strong><em>necessita-</em></strong></span> 
     </span>
     <span class='ocr_line' id='line_1_32' title="bbox 188 2045 1997 2096; baseline -0.002 -12"><span class='ocrx_word' id='word_1_427' title='bbox 188 2053 253 2084; x_wconf 87' lang='lat' dir='ltr'><strong><em>tem</em></strong></span> <span class='ocrx_word' id='word_1_428' title='bbox 278 2045 494 2096; x_wconf 87' lang='lat' dir='ltr'><strong><em>exprimens,</em></strong></span> <span class='ocrx_word' id='word_1_429' title='bbox 528 2046 699 2083; x_wconf 87' lang='lat' dir='ltr'><strong><em>notionem</em></strong></span> <span class='ocrx_word' id='word_1_430' title='bbox 724 2046 865 2096; x_wconf 87' lang='lat' dir='ltr'><strong><em>propius</em></strong></span> <span class='ocrx_word' id='word_1_431' title='bbox 891 2045 1051 2093; x_wconf 84' lang='lat' dir='ltr'><strong><em>accedat,</em></strong></span> <span class='ocrx_word' id='word_1_432' title='bbox 1085 2045 1183 2083; x_wconf 87' lang='lat' dir='ltr'><strong><em>modo</em></strong></span> <span class='ocrx_word' id='word_1_433' title='bbox 1224 2046 1364 2083; x_wconf 77' lang='lat' dir='ltr'><strong><em>medium</em></strong></span> <span class='ocrx_word' id='word_1_434' title='bbox 1395 2046 1501 2083; x_wconf 84' lang='lat' dir='ltr'><strong><em>locum</em></strong></span> <span class='ocrx_word' id='word_1_435' title='bbox 1535 2051 1647 2082; x_wconf 88' lang='lat' dir='ltr'><strong><em>teneat</em></strong></span> <span class='ocrx_word' id='word_1_436' title='bbox 1669 2047 1755 2082; x_wconf 86' lang='lat' dir='ltr'><strong><em>inter</em></strong></span> <span class='ocrx_word' id='word_1_437' title='bbox 1780 2045 1939 2096; x_wconf 84' lang='lat' dir='ltr'><strong><em>infinitivi</em></strong></span> <span class='ocrx_word' id='word_1_438' title='bbox 1962 2050 1997 2081; x_wconf 89' lang='lat' dir='ltr'><strong><em>et</em></strong></span> 
     </span>
     <span class='ocr_line' id='line_1_33' title="bbox 189 2102 1996 2155; baseline -0.002 -13"><span class='ocrx_word' id='word_1_439' title='bbox 189 2104 357 2155; x_wconf 86' lang='lat' dir='ltr'><strong><em>participii</em></strong></span> <span class='ocrx_word' id='word_1_440' title='bbox 381 2104 469 2152; x_wconf 86' lang='lat' dir='ltr'><strong><em>perf.</em></strong></span> <span class='ocrx_word' id='word_1_441' title='bbox 495 2116 588 2153; x_wconf 89' lang='lat' dir='ltr'><strong><em>pass.</em></strong></span> <span class='ocrx_word' id='word_1_442' title='bbox 614 2111 785 2150; x_wconf 87' lang='lat' dir='ltr'><strong><em>naturam,</em></strong></span> <span class='ocrx_word' id='word_1_443' title='bbox 818 2103 917 2140; x_wconf 86' lang='lat' dir='ltr'><strong><em>modo</em></strong></span> <span class='ocrx_word' id='word_1_444' title='bbox 950 2104 1056 2141; x_wconf 89' lang='lat' dir='ltr'><strong><em>verbo</em></strong></span> <span class='ocrx_word' id='word_1_445' title='bbox 1090 2105 1183 2140; x_wconf 89' lang='lat' dir='ltr'><strong><em>finito</em></strong></span> <span class='ocrx_word' id='word_1_446' title='bbox 1216 2104 1325 2140; x_wconf 92' lang='lat' dir='ltr'><strong><em>simile</em></strong></span> <span class='ocrx_word' id='word_1_447' title='bbox 1358 2105 1423 2151; x_wconf 90' lang='lat' dir='ltr'><strong><em>sit,</em></strong></span> <span class='ocrx_word' id='word_1_448' title='bbox 1455 2108 1491 2140; x_wconf 91' lang='lat' dir='ltr'><strong><em>ut</em></strong></span> <span class='ocrx_word' id='word_1_449' title='bbox 1515 2103 1614 2140; x_wconf 85' lang='lat' dir='ltr'><strong><em>docet</em></strong></span> <span class='ocrx_word' id='word_1_450' title='bbox 1635 2104 1838 2140; x_wconf 86' lang='lat' dir='ltr'><strong><em>Luebkerus</em></strong></span> <span class='ocrx_word' id='word_1_451' title='bbox 1864 2102 1906 2138; x_wconf 85' lang='lat' dir='ltr'><strong><em>de</em></strong></span> <span class='ocrx_word' id='word_1_452' title='bbox 1932 2116 1996 2139; x_wconf 82' lang='lat' dir='ltr'><strong><em>usu</em></strong></span> 
     </span>
     <span class='ocr_line' id='line_1_34' title="bbox 186 2160 1995 2211; baseline -0.002 -11"><span class='ocrx_word' id='word_1_453' title='bbox 186 2163 248 2200; x_wconf 78' lang='lat' dir='ltr'><strong><em>inf.</em></strong></span> <span class='ocrx_word' id='word_1_454' title='bbox 272 2162 384 2198; x_wconf 88' lang='lat' dir='ltr'><strong><em>Plaut.</em></strong></span> <span class='ocrx_word' id='word_1_455' title='bbox 408 2173 441 2210; x_wconf 89' lang='lat' dir='ltr'><strong><em>p.</em></strong></span> <span class='ocrx_word' id='word_1_456' title='bbox 470 2162 527 2197; x_wconf 73' lang='lat'><strong><em>18.</em></strong></span> <span class='ocrx_word' id='word_1_457' title='bbox 554 2161 614 2206; x_wconf 89' lang='lat' dir='ltr'><strong><em>(de</em></strong></span> <span class='ocrx_word' id='word_1_458' title='bbox 647 2160 840 2198; x_wconf 80' lang='lat' dir='ltr'><strong><em>discrimine</em></strong></span> <span class='ocrx_word' id='word_1_459' title='bbox 872 2166 1002 2208; x_wconf 86' lang='lat' dir='ltr'><strong><em>tamen,</em></strong></span> <span class='ocrx_word' id='word_1_460' title='bbox 1035 2162 1124 2211; x_wconf 91' lang='lat' dir='ltr'><strong><em>quod</em></strong></span> <span class='ocrx_word' id='word_1_461' title='bbox 1156 2162 1336 2199; x_wconf 88' lang='lat' dir='ltr'><strong><em>intercedit</em></strong></span> <span class='ocrx_word' id='word_1_462' title='bbox 1366 2164 1456 2198; x_wconf 86' lang='lat' dir='ltr'><strong><em>inter</em></strong></span> <span class='ocrx_word' id='word_1_463' title='bbox 1487 2162 1591 2198; x_wconf 84' lang='lat' dir='ltr'><strong><em>subst.</em></strong></span> <span class='ocrx_word' id='word_1_464' title='bbox 1629 2161 1762 2198; x_wconf 90' lang='lat' dir='ltr'><strong><em>verbale</em></strong></span> <span class='ocrx_word' id='word_1_465' title='bbox 1796 2166 1831 2197; x_wconf 91' lang='lat' dir='ltr'><strong><em>et</em></strong></span> <span class='ocrx_word' id='word_1_466' title='bbox 1856 2162 1995 2197; x_wconf 87' lang='lat' dir='ltr'><strong><em>verbum</em></strong></span> 
     </span>
     <span class='ocr_line' id='line_1_35' title="bbox 186 2217 1996 2268; baseline -0.002 -11"><span class='ocrx_word' id='word_1_467' title='bbox 186 2221 324 2262; x_wconf 82' lang='lat' dir='ltr'><strong><em>finitum,</em></strong></span> <span class='ocrx_word' id='word_1_468' title='bbox 348 2217 425 2254; x_wconf 90' lang='lat' dir='ltr'><strong><em>vide</em></strong></span> <span class='ocrx_word' id='word_1_469' title='bbox 451 2226 547 2253; x_wconf 87' lang='lat' dir='ltr'><strong><em>acute</em></strong></span> <span class='ocrx_word' id='word_1_470' title='bbox 572 2218 798 2256; x_wconf 90' lang='lat' dir='ltr'><strong><em>disserentem</em></strong></span> <span class='ocrx_word' id='word_1_471' title='bbox 822 2219 986 2256; x_wconf 86' lang='lat' dir='ltr'><strong><em>Haasium</em></strong></span> <span class='ocrx_word' id='word_1_472' title='bbox 1011 2220 1053 2256; x_wconf 89' lang='lat' dir='ltr'><strong><em>ad</em></strong></span> <span class='ocrx_word' id='word_1_473' title='bbox 1077 2219 1215 2268; x_wconf 84' lang='lat' dir='ltr'><strong><em>Reisig.</em></strong></span> <span class='ocrx_word' id='word_1_474' title='bbox 1237 2220 1343 2256; x_wconf 88' lang='lat' dir='ltr'><strong><em>schol.</em></strong></span> <span class='ocrx_word' id='word_1_475' title='bbox 1363 2232 1502 2268; x_wconf 81' lang='lat' dir='ltr'><strong><em>gramm.</em></strong></span> <span class='ocrx_word' id='word_1_476' title='bbox 1520 2219 1580 2256; x_wconf 87' lang='lat' dir='ltr'><strong><em>lat.</em></strong></span> <span class='ocrx_word' id='word_1_477' title='bbox 1599 2232 1633 2268; x_wconf 83' lang='lat' dir='ltr'><strong><em>p.</em></strong></span> <span class='ocrx_word' id='word_1_478' title='bbox 1649 2220 1731 2263; x_wconf 84' lang='lat'><strong><em>768,</em></strong></span> <span class='ocrx_word' id='word_1_479' title='bbox 1756 2218 1871 2254; x_wconf 85' lang='lat' dir='ltr'><strong><em>adnot.</em></strong></span> <span class='ocrx_word' id='word_1_480' title='bbox 1894 2220 1996 2265; x_wconf 71' lang='lat'><strong><em>508).</em></strong></span> 
     </span>
     <span class='ocr_line' id='line_1_36' title="bbox 187 2274 1996 2329; baseline -0.002 -16"><span class='ocrx_word' id='word_1_481' title='bbox 187 2278 241 2313; x_wconf 90' lang='lat' dir='ltr'><strong><em>De</em></strong></span> <span class='ocrx_word' id='word_1_482' title='bbox 266 2289 330 2325; x_wconf 89' lang='lat' dir='ltr'><strong><em>qua</em></strong></span> <span class='ocrx_word' id='word_1_483' title='bbox 342 2281 391 2311; x_wconf 76' lang='lat' dir='ltr'><strong><em>‘re</em></strong></span> <span class='ocrx_word' id='word_1_484' title='bbox 416 2274 493 2310; x_wconf 88' lang='lat' dir='ltr'><strong><em>vide</em></strong></span> <span class='ocrx_word' id='word_1_485' title='bbox 519 2275 619 2311; x_wconf 87' lang='lat' dir='ltr'><strong><em>etiam</em></strong></span> <span class='ocrx_word' id='word_1_486' title='bbox 643 2275 799 2329; x_wconf 85' lang='lat' dir='ltr'><strong><em>Ruddim.</em></strong></span> <span class='ocrx_word' id='word_1_487' title='bbox 824 2276 872 2322; x_wconf 89' lang='grc' dir='ltr'><strong><em>ΙΙ,</em></strong></span> <span class='ocrx_word' id='word_1_488' title='bbox 897 2289 931 2327; x_wconf 90' lang='lat' dir='ltr'><strong><em>p.</em></strong></span> <span class='ocrx_word' id='word_1_489' title='bbox 957 2278 1038 2323; x_wconf 91' lang='lat'><strong><em>117,</em></strong></span> <span class='ocrx_word' id='word_1_490' title='bbox 1063 2276 1175 2313; x_wconf 87' lang='lat' dir='ltr'><strong><em>adnot.</em></strong></span> <span class='ocrx_word' id='word_1_491' title='bbox 1201 2279 1237 2315; x_wconf 82' lang='lat'><strong><em>4.</em></strong></span> <span class='ocrx_word' id='word_1_492' title='bbox 1262 2289 1295 2327; x_wconf 89' lang='lat' dir='ltr'><strong><em>p.</em></strong></span> <span class='ocrx_word' id='word_1_493' title='bbox 1314 2278 1395 2316; x_wconf 75' lang='lat'><strong><em>248,</em></strong></span> <span class='ocrx_word' id='word_1_494' title='bbox 1424 2277 1533 2313; x_wconf 90' lang='lat' dir='ltr'><strong><em>adnot.</em></strong></span> <span class='ocrx_word' id='word_1_495' title='bbox 1554 2278 1613 2313; x_wconf 79' lang='lat'><strong><em>48.</em></strong></span> <span class='ocrx_word' id='word_1_496' title='bbox 1639 2288 1671 2325; x_wconf 87' lang='lat' dir='ltr'><strong><em>p.</em></strong></span> <span class='ocrx_word' id='word_1_497' title='bbox 1694 2276 1776 2311; x_wconf 73' lang='lat'><strong><em>878.</em></strong></span> <span class='ocrx_word' id='word_1_498' title='bbox 1829 2275 1996 2325; x_wconf 85' lang='lat' dir='ltr'><strong><em>Exempla</em></strong></span> 
     </span>
     <span class='ocr_line' id='line_1_37' title="bbox 185 2332 1995 2382; baseline -0.002 -11"><span class='ocrx_word' id='word_1_499' title='bbox 185 2336 269 2371; x_wconf 91' lang='lat' dir='ltr'><strong><em>haec</em></strong></span> <span class='ocrx_word' id='word_1_500' title='bbox 304 2338 391 2370; x_wconf 89' lang='lat' dir='ltr'><strong><em>sunt.</em></strong></span> <span class='ocrx_word' id='word_1_501' title='bbox 448 2332 597 2369; x_wconf 87' lang='lat' dir='ltr'><strong><em>Primum</em></strong></span> <span class='ocrx_word' id='word_1_502' title='bbox 634 2333 699 2370; x_wconf 92' lang='lat' dir='ltr'><strong><em>duo</em></strong></span> <span class='ocrx_word' id='word_1_503' title='bbox 734 2346 818 2382; x_wconf 91' lang='lat' dir='ltr'><strong><em>quae</em></strong></span> <span class='ocrx_word' id='word_1_504' title='bbox 852 2334 969 2372; x_wconf 63' lang='lat' dir='ltr'><strong><em>attulit&gt;</em></strong></span> <span class='ocrx_word' id='word_1_505' title='bbox 992 2334 1199 2371; x_wconf 87' lang='lat' dir='ltr'><strong><em>Luebkerus</em></strong></span> <span class='ocrx_word' id='word_1_506' title='bbox 1225 2335 1247 2372; x_wconf 91' lang='lat' dir='ltr'><strong><em>l.</em></strong></span> <span class='ocrx_word' id='word_1_507' title='bbox 1273 2335 1317 2373; x_wconf 89' lang='lat' dir='ltr'><strong><em>l.:</em></strong></span> <span class='ocrx_word' id='word_1_508' title='bbox 1350 2335 1461 2372; x_wconf 85' lang='lat' dir='ltr'><strong><em>Plaut.</em></strong></span> <span class='ocrx_word' id='word_1_509' title='bbox 1488 2334 1597 2370; x_wconf 89' lang='lat' dir='ltr'><strong><em>Poen.</em></strong></span> <span class='ocrx_word' id='word_1_510' title='bbox 1623 2332 1667 2378; x_wconf 86' lang='lat' dir='ltr'><strong><em>V,</em></strong></span> <span class='ocrx_word' id='word_1_511' title='bbox 1691 2334 1728 2378; x_wconf 88' lang='grc'><strong><em>2,</em></strong></span> <span class='ocrx_word' id='word_1_512' title='bbox 1753 2334 1844 2369; x_wconf 73' lang='lat'><strong><em>186:</em></strong></span> <span class='ocrx_word' id='word_1_513' title='bbox 1870 2335 1995 2369; x_wconf 79' lang='lat' dir='ltr'><strong><em>acerba</em></strong></span> 
     </span>
     <span class='ocr_line' id='line_1_38' title="bbox 184 2389 1994 2440; baseline -0.001 -13"><span class='ocrx_word' id='word_1_514' title='bbox 184 2394 360 2427; x_wconf 74' lang='lat' dir='ltr'><strong><em>matiost.</em></strong></span> <span class='ocrx_word' id='word_1_515' title='bbox 386 2389 554 2436; x_wconf 83' lang='lat' dir='ltr'><strong><em>Rud.lV‚</em></strong></span> <span class='ocrx_word' id='word_1_516' title='bbox 576 2391 612 2433; x_wconf 90' lang='grc'><strong><em>5,</em></strong></span> <span class='ocrx_word' id='word_1_517' title='bbox 637 2392 700 2425; x_wconf 86' lang='lat'><strong><em>14:</em></strong></span> <span class='ocrx_word' id='word_1_518' title='bbox 726 2392 839 2427; x_wconf 77' lang='lat' dir='ltr'><strong><em>Nimis</em></strong></span> <span class='ocrx_word' id='word_1_519' title='bbox 857 2404 971 2439; x_wconf 78' lang='lat' dir='ltr'><strong><em>paene</em></strong></span> <span class='ocrx_word' id='word_1_520' title='bbox 994 2394 1153 2438; x_wconf 77' lang='lat' dir='ltr'><strong><em>inepta</em></strong></span> <span class='ocrx_word' id='word_1_521' title='bbox 1176 2399 1315 2440; x_wconf 81' lang='lat' dir='ltr'><strong><em>atque</em></strong></span> <span class='ocrx_word' id='word_1_522' title='bbox 1337 2394 1495 2427; x_wconf 74' lang='lat' dir='ltr'><strong><em>odiosa</em></strong></span> <span class='ocrx_word' id='word_1_523' title='bbox 1518 2393 1614 2425; x_wconf 81' lang='lat' dir='ltr'><strong><em>eius</em></strong></span> <span class='ocrx_word' id='word_1_524' title='bbox 1638 2393 1865 2426; x_wconf 84' lang='lat' dir='ltr'><strong><em>amatiost.</em></strong></span> <span class='ocrx_word' id='word_1_525' title='bbox 1891 2390 1994 2426; x_wconf 89' lang='lat' dir='ltr'><strong><em>Pers.</em></strong></span> 
     </span>
     <span class='ocr_line' id='line_1_39' title="bbox 183 2448 1992 2495; baseline -0.001 -11"><span class='ocrx_word' id='word_1_526' title='bbox 183 2448 247 2495; x_wconf 84' lang='lat' dir='ltr'><strong><em>lv,</em></strong></span> <span class='ocrx_word' id='word_1_527' title='bbox 270 2450 308 2494; x_wconf 86' lang='lat'><strong><em>4,</em></strong></span> <span class='ocrx_word' id='word_1_528' title='bbox 330 2449 394 2484; x_wconf 75' lang='lat'><strong><em>87:</em></strong></span> <span class='ocrx_word' id='word_1_529' title='bbox 433 2453 497 2484; x_wconf 83' lang='lat' dir='ltr'><strong><em>tua</em></strong></span> <span class='ocrx_word' id='word_1_530' title='bbox 519 2460 615 2483; x_wconf 74' lang='lat' dir='ltr'><strong><em>mera·</em></strong></span> <span class='ocrx_word' id='word_1_531' title='bbox 639 2454 714 2494; x_wconf 84' lang='lat' dir='ltr'><strong><em>est,</em></strong></span> <span class='ocrx_word' id='word_1_532' title='bbox 747 2455 827 2485; x_wconf 84' lang='lat' dir='ltr'><strong><em>tua</em></strong></span> <span class='ocrx_word' id='word_1_533' title='bbox 859 2450 1150 2485; x_wconf 69' lang='lat' dir='ltr'><strong><em>indication.</em></strong></span> <span class='ocrx_word' id='word_1_534' title='bbox 1198 2449 1306 2485; x_wconf 88' lang='lat' dir='ltr'><strong><em>Poen.</em></strong></span> <span class='ocrx_word' id='word_1_535' title='bbox 1331 2448 1362 2494; x_wconf 88' lang='lat' dir='ltr'><strong><em>l,</em></strong></span> <span class='ocrx_word' id='word_1_536' title='bbox 1385 2451 1421 2493; x_wconf 77' lang='lat'><strong><em>8,</em></strong></span> <span class='ocrx_word' id='word_1_537' title='bbox 1444 2450 1508 2484; x_wconf 76' lang='lat'><strong><em>86:</em></strong></span> <span class='ocrx_word' id='word_1_538' title='bbox 1557 2460 1647 2484; x_wconf 77' lang='lat' dir='ltr'><strong><em>nmc</em></strong></span> <span class='ocrx_word' id='word_1_539' title='bbox 1669 2449 1755 2483; x_wconf 73' lang='lat' dir='ltr'><strong><em>milii</em></strong></span> <span class='ocrx_word' id='word_1_540' title='bbox 1776 2451 1992 2483; x_wconf 79' lang='lat' dir='ltr'><strong><em>cautiost.</em></strong></span> 
     </span>
     <span class='ocr_line' id='line_1_40' title="bbox 185 2503 1991 2552; baseline -0.001 -11"><span class='ocrx_word' id='word_1_541' title='bbox 185 2505 315 2542; x_wconf 82' lang='lat' dir='ltr'><strong><em>Pseud.</em></strong></span> <span class='ocrx_word' id='word_1_542' title='bbox 339 2504 370 2550; x_wconf 91' lang='grc' dir='ltr'><strong><em>Ι,</em></strong></span> <span class='ocrx_word' id='word_1_543' title='bbox 394 2506 430 2550; x_wconf 90' lang='grc'><strong><em>2,</em></strong></span> <span class='ocrx_word' id='word_1_544' title='bbox 454 2507 522 2540; x_wconf 76' lang='lat'><strong><em>87:</em></strong></span> <span class='ocrx_word' id='word_1_545' title='bbox 547 2518 591 2540; x_wconf 86' lang='lat' dir='ltr'><strong><em>ne</em></strong></span> <span class='ocrx_word' id='word_1_546' title='bbox 615 2507 793 2552; x_wconf 78' lang='lat' dir='ltr'><strong><em>quisquam</em></strong></span> <span class='ocrx_word' id='word_1_547' title='bbox 813 2507 1008 2552; x_wconf 81' lang='lat' dir='ltr'><strong><em>pertundat</em></strong></span> <span class='ocrx_word' id='word_1_548' title='bbox 1032 2519 1228 2543; x_wconf 75' lang='lat' dir='ltr'><strong><em>crmnenam</em></strong></span> <span class='ocrx_word' id='word_1_549' title='bbox 1252 2509 1467 2541; x_wconf 72' lang='lat' dir='ltr'><strong><em>cautio-st.</em></strong></span> <span class='ocrx_word' id='word_1_550' title='bbox 1526 2503 1608 2540; x_wconf 88' lang='lat' dir='ltr'><strong><em>Cas.</em></strong></span> <span class='ocrx_word' id='word_1_551' title='bbox 1634 2504 1679 2548; x_wconf 92' lang='lat' dir='ltr'><strong><em>ll,</em></strong></span> <span class='ocrx_word' id='word_1_552' title='bbox 1704 2506 1741 2550; x_wconf 70' lang='grc'><strong><em>3,</em></strong></span> <span class='ocrx_word' id='word_1_553' title='bbox 1765 2506 1830 2540; x_wconf 73' lang='lat'><strong><em>4⁸:</em></strong></span> <span class='ocrx_word' id='word_1_554' title='bbox 1864 2506 1922 2540; x_wconf 85' lang='lat' dir='ltr'><strong><em>Me</em></strong></span> <span class='ocrx_word' id='word_1_555' title='bbox 1945 2508 1991 2539; x_wconf 89' lang='lat' dir='ltr'><strong><em>si-</em></strong></span> 
     </span>
     <span class='ocr_line' id='line_1_41' title="bbox 183 2563 1991 2611; baseline -0.002 -11"><span class='ocrx_word' id='word_1_556' title='bbox 183 2575 248 2600; x_wconf 83' lang='lat' dir='ltr'><strong><em>nas</em></strong></span> <span class='ocrx_word' id='word_1_557' title='bbox 271 2574 393 2599; x_wconf 79' lang='lat' dir='ltr'><strong><em>curare</em></strong></span> <span class='ocrx_word' id='word_1_558' title='bbox 417 2564 574 2607; x_wconf 70' lang='lat' dir='ltr'><strong><em>armillas,</em></strong></span> <span class='ocrx_word' id='word_1_559' title='bbox 599 2575 688 2610; x_wconf 85' lang='lat' dir='ltr'><strong><em>quae</em></strong></span> <span class='ocrx_word' id='word_1_560' title='bbox 711 2569 853 2598; x_wconf 82' lang='lat' dir='ltr'><strong><em>meast</em></strong></span> <span class='ocrx_word' id='word_1_561' title='bbox 877 2566 1075 2600; x_wconf 81' lang='lat' dir='ltr'><strong><em>curatio.</em></strong></span> <span class='ocrx_word' id='word_1_562' title='bbox 1123 2564 1231 2600; x_wconf 90' lang='lat' dir='ltr'><strong><em>Poen.</em></strong></span> <span class='ocrx_word' id='word_1_563' title='bbox 1258 2565 1285 2609; x_wconf 91' lang='lat' dir='ltr'><strong><em>l,</em></strong></span> <span class='ocrx_word' id='word_1_564' title='bbox 1308 2565 1345 2611; x_wconf 88' lang='grc'><strong><em>2,</em></strong></span> <span class='ocrx_word' id='word_1_565' title='bbox 1372 2565 1456 2599; x_wconf 72' lang='lat'><strong><em>141:</em></strong></span> <span class='ocrx_word' id='word_1_566' title='bbox 1488 2563 1555 2597; x_wconf 82' lang='lat' dir='ltr'><strong><em>Gur</em></strong></span> <span class='ocrx_word' id='word_1_567' title='bbox 1580 2574 1644 2609; x_wconf 84' lang='lat' dir='ltr'><strong><em>ego</em></strong></span> <span class='ocrx_word' id='word_1_568' title='bbox 1669 2563 1708 2597; x_wconf 86' lang='lat' dir='ltr'><strong><em>id</em></strong></span> <span class='ocrx_word' id='word_1_569' title='bbox 1738 2575 1853 2598; x_wconf 80' lang='lat' dir='ltr'><strong><em>curem</em></strong></span> <span class='ocrx_word' id='word_1_570' title='bbox 1884 2565 1991 2597; x_wconf 72' lang='lat' dir='ltr'><strong><em>nam?</em></strong></span> 
     </span>
    </p>
   </div>
  </div>
 </body>
</html>
