2317 3047
253 312 519 362 significationis
547 312 758 348 substantivo
785 310 876 347 aliud
901 311 1072 360 generalis
1099 311 1209 360 magis
1235 311 1384 359 ponitur,
1410 322 1474 358 quo
1506 310 1588 347 illud
1614 312 1714 360 quasi
1738 312 1932 349 continetur
1976 317 2011 348 et
2043 312 2077 347 in

252 382 316 417 quo
342 371 446 415 inest,
473 375 509 405 ut
533 371 563 405 si
588 371 754 406 hominem
780 369 912 418 appello
936 371 1060 413 scelus,
1085 369 1181 405 notio
1201 368 1343 403 sceleris
1368 368 1470 404 latius
1486 375 1579 417 patet
1594 378 1700 417 „quam
1726 369 1887 416 hominis,
1913 382 1990 405 nam
2016 371 2077 405 sub

251 427 423 462 notionem
450 428 558 463 omnis
585 426 744 472 sceleris,
771 425 858 474 quod
883 426 919 462 in
944 425 1065 462 mundo
1092 431 1160 471 est,
1186 424 1276 461 cadit
1301 425 1400 460 etiam
1417 425 1517 461 homo
1543 424 1615 471 ille,
1648 447 1678 452 —
1712 426 1774 463 sed
1800 427 1865 462 hoc
1892 427 1983 473 volo,
2009 438 2079 463 non

253 496 337 532 opus
365 496 445 519 esse
472 496 607 534 semper
631 484 836 519 abstractum
867 495 947 520 esse
981 483 1227 519 substantivum
1258 481 1340 518 illud
1371 482 1470 519 latius
1504 483 1652 533 patentis
1685 477 1963 532 significationis,
1988 483 2080 533 quod

252 553 315 588 pro
342 541 448 578 altero
474 542 623 592 ponitur,
651 541 712 578 sed
736 542 815 579 item
840 546 1034 578 concretum
1059 553 1140 578 esse
1165 552 1296 591 posse,
1335 539 1396 577 sed
1429 546 1539 578 tamen
1563 541 1677 590 mag-is
1701 542 1875 590 generalis
1902 542 2079 591 significa·

254 599 359 635 tionis
386 612 481 647 quam
507 599 542 635 id
566 612 628 649 pro
655 611 719 648 quo
743 600 891 647 ponitur.
941 599 1017 635 Huc
1049 600 1167 635 refero
1201 611 1297 635 usum
1331 598 1509 649 duplicem.
1543 600 1686 648 primum
1712 599 1745 635 ei
1769 611 1829 649 pro
1853 601 1990 638 homine
2016 612 2080 650 po·

253 657 343 692 nitur
367 670 424 694 res
450 655 624 703 concreta,
650 656 772 694 deinde
798 658 854 694 ubi
878 657 978 693 homo
1006 657 1198 706 appellatur
1221 657 1357 693 nomine
1382 657 1526 693 bestiae.
1574 656 1661 693 Nam
1678 658 1712 693 si
1729 656 1831 694 homo
1855 659 1990 708 ineptus
2016 670 2080 707 ap-

221 730 225 733 ·
251 714 396 760 pellatur
417 718 541 759 frutex
565 715 694 760 (Plaut.
721 715 831 752 Most.
857 714 887 760 1,
916 718 948 755 l,
977 716 1040 759 12)
1065 720 1123 749 ant
1148 715 1255 750 amica
1281 715 1322 750 ab
1348 720 1499 750 amatore
1525 725 1587 750 suo
1613 715 1773 751 columba
1796 720 1937 752 vomun-
1952 716 2078 763 (Asin.

252 770 317 817 ΠΙ,
342 773 378 816 3,
410 773 505 818 1θ3,)
531 772 671 821 fingitur
696 773 791 821 quasi
816 773 883 808 alia
908 773 1000 808 notio
1026 772 1126 808 latius
1153 779 1273 821 patens
1308 772 1442 808 fruticis
1476 776 1511 807 et
1542 771 1714 809 columbae
1738 780 1839 822 ῃ-
1862 782 1978 810 eom
2002 773 2076 809 fn-

252 830 351 864 ticnm
377 838 412 864 et
436 829 661 865 columbarum
688 842 772 877 quae
797 831 833 865 in
858 836 979 865 natura
1005 841 1085 864 vere
1111 836 1203 876 sunt,
1237 831 1298 865 sub
1333 842 1429 877 quam
1463 829 1566 864 etiam
1597 829 1693 865 hono
1725 827 1831 877 effi,
1862 830 1957 866 notio
1982 831 2076 876 talis,

254 898 339 933 quae
364 886 596 935 complectitur
621 893 745 923 tantum
774 899 815 922 ea
840 879 1012 932 attributa,
1036 888 1154 935 quibus
1181 888 1347 923 hominem
1371 887 1462 922 illum
1487 885 1676 936 praeditum
1695 899 1776 927 esse
1789 884 1958 924 volumus.
2005 888 2076 923 Sed

252 955 325 978 cum
349 943 441 979 infra
466 944 562 980 locos
589 945 744 994 singulos
772 944 976 994 scriptorum
1001 950 1151 980 veterum
1182 944 1224 980 ad
1257 944 1345 980 hunc
1377 948 1481 981 totum
1515 955 1611 980 usum
1637 944 1846 993 pertinentes
1872 945 2075 991 recensebo,

251 1013 319 1037 non
345 1001 485 1050 amplius
512 1002 718 1050 distinguam
744 1003 834 1038 inter
860 1003 926 1037 tria
950 1002 1008 1037 illa
1033 1014 1164 1050 genera
1188 1003 1287 1038 huius
1313 1014 1409 1047 usus,
1436 1002 1498 1038 sed
1523 1013 1642 1038 omnes
1667 1001 1762 1038 locos
1777 1003 1870 1038 inter
1892 1014 1932 1038 se
1949 1003 2076 1038 mixtos

252 1060 468 1096 enumerabo.
518 1059 589 1095 Sed
614 1061 715 1095 etiam
741 1059 945 1095 contrarium
972 1059 1070 1095 huius
1096 1059 1171 1095 fieri
1196 1065 1322 1109 potest,
1355 1066 1390 1095 ut
1421 1072 1485 1109 pro
1511 1059 1734 1096 substantivis
1766 1060 1876 1109 magis
1902 1059 2077 1109 generalis

252 1117 438 1165 singularis
463 1118 575 1165 magis
602 1117 864 1166 significationis
890 1122 1072 1164 ponantur,
1097 1129 1160 1165 quo
1186 1118 1333 1166 pertinet
1357 1118 1457 1153 etiam
1482 1116 1577 1163 illud,
1604 1117 1659 1152 ubi
1679 1128 1759 1166 pars
1775 1117 1922 1158 alicuius,
1935 1118 1987 1153 rei
2011 1129 2075 1166 pro

253 1179 323 1209 tota
347 1187 386 1210 re
410 1175 559 1221 ponitur.

346 1232 443 1268 Haec
469 1234 648 1279 hactenus,
674 1234 705 1268 si
730 1245 829 1268 unum
855 1233 1100 1268 substantivum
1127 1238 1181 1269 est
1204 1233 1239 1268 in
1265 1234 1517 1279 enunciatione,
1533 1244 1598 1281 quo
1617 1244 1675 1268 res
1693 1238 1751 1268 aut
1774 1233 1872 1269 bomo
1899 1233 2077 1282 signifiea-

252 1297 306 1326 tur
331 1290 437 1338 deque
462 1291 636 1326 notionum
663 1291 850 1338 utriusque,
877 1291 950 1325 eius
976 1290 1065 1338 quod
1090 1291 1237 1339 positum
1263 1296 1318 1326 est
1342 1296 1377 1326 et
1402 1291 1491 1336 eius,
1525 1289 1615 1338 qnod
1639 1301 1681 1325 eo
1707 1290 1934 1339 significatur,
1960 1296 2075 1339 quate-

251 1361 314 1384 nus
341 1360 407 1385 una
431 1348 485 1384 vel
509 1348 617 1383 altera
641 1360 755 1383 earum
780 1348 881 1383 latius
906 1353 1033 1396 pateat,
1058 1348 1149 1383 inter
1175 1360 1213 1384 se
1239 1348 1495 1397 comparatione
1520 1347 1611 1383 dicta
1643 1353 1751 1387 erunt.
1806 1347 1885 1392 Quo
1918 1348 2076 1389 referen-

252 1406 328 1442 dum
353 1410 408 1442 est
432 1406 546 1452 etiam,
573 1406 604 1442 si
628 1406 726 1441 ambo
753 1406 966 1441 substantiva
990 1410 1069 1446 sunt
1094 1406 1129 1441 in
1156 1406 1394 1442 enunciatione
1418 1406 1478 1451 ita,
1504 1411 1541 1441 ut
1566 1406 1706 1442 alterum
1732 1406 1777 1441 sit
1800 1406 2001 1452 subiectum,
2027 1406 2076 1441 al-

252 1470 359 1499 terum
383 1463 623 1513 praedicatum.
674 1463 834 1511 Sequitur
858 1462 952 1509 illud,
979 1463 1035 1499 ubi
1060 1463 1306 1499 substantivum
1332 1475 1405 1499 cum
1430 1463 1498 1500 alio
1526 1463 1689 1499 vocabulo
1715 1462 1757 1499 ad
1780 1475 1876 1499 unam
1901 1464 2076 1499 notionem

252 1522 464 1557 efficiendam
481 1521 711 1569 coniungitur,
747 1533 810 1569 quo
837 1521 985 1570 pertinet
1008 1521 1162 1570 primum,
1195 1521 1225 1556 si
1258 1520 1347 1557 aliud
1373 1522 1619 1557 substantivum
1643 1521 1760 1558 eodem
1782 1533 1862 1557 casu
1888 1526 1945 1557 est
1967 1533 2074 1571 appo-

252 1581 365 1625 situm,
391 1592 475 1627 quae
501 1584 555 1615 est
579 1579 749 1628 appositio
776 1578 878 1626 vulgo
904 1578 1006 1623 dicta,
1033 1577 1155 1614 deinde
1180 1579 1211 1613 si
1236 1579 1403 1626 genitivo,
1429 1591 1526 1627 quam
1558 1580 1675 1628 possis
1700 1576 1940 1627 περίφρασιν,
1967 1579 2074 1614 latino

252 1636 416 1673 vocabulo
443 1636 773 1672 circumlocutionem
800 1635 927 1681 dicere,
963 1635 1107 1683 denique
1142 1636 1173 1671 si
1198 1642 1255 1671 aut
1280 1637 1424 1685 simplex
1448 1637 1588 1684 negatio
1615 1636 1757 1681 additur,
1790 1642 1847 1671 aut
1874 1636 1951 1672 sola
1974 1647 2075 1685 prae-

252 1695 391 1743 positio,
418 1700 475 1729 aut
500 1694 608 1730 subst.
635 1706 707 1729 cum
729 1694 998 1742 praepositione,
1024 1698 1082 1728 aut
1106 1692 1313 1739 adverbium,
1339 1700 1397 1729 aut
1414 1695 1522 1730 subst.
1546 1694 1612 1729 alio
1639 1695 1755 1741 quovis
1782 1705 1878 1739 casu,
1904 1705 1969 1741 quo
1995 1704 2074 1742 per·

251 1753 336 1787 tinet
359 1752 513 1800 inprimis
539 1764 621 1787 usus
648 1750 835 1799 singularis
862 1751 1148 1786 substantivorum
1175 1752 1208 1785 in
1234 1754 1267 1786 io
1292 1752 1496 1787 exeuntium.

347 1808 550 1859 Incipiamus
584 1808 690 1857 igitur
722 1815 824 1845 totam
857 1809 1088 1857 quaestionem
1123 1807 1273 1845 nostram
1308 1811 1350 1845 ab
1375 1809 1433 1846 illo
1463 1821 1538 1855 usu,
1573 1821 1635 1857 quo
1660 1821 1720 1858 pro
1748 1810 1858 1857 magis
1886 1808 2073 1857 singularis

250 1868 401 1904 notionis
429 1868 640 1902 substantivo
667 1867 842 1914 generalis
869 1868 978 1914 magis
1005 1867 1268 1912 significationis
1295 1868 1442 1916 ponitur.
1493 1866 1563 1902 Sed
1595 1867 1646 1901 hic
1680 1878 1808 1914 quoque
1845 1878 1926 1901 usus
1952 1866 2074 1900 iterum

252 1927 286 1961 in
312 1925 475 1974 duplicem
501 1929 616 1974 potest
641 1923 756 1969 dividi,
783 1936 858 1959 nam
885 1932 940 1959 aut
967 1924 1188 1960 substantivis
1214 1924 1295 1969 illis,
1322 1937 1405 1972 quae
1431 1930 1610 1974 ponuntur,
1637 1936 1721 1959 unus
1739 1936 1874 1972 semper
1895 1924 1993 1959 homo
2021 1923 2076 1958 vel

253 1994 319 2017 una
343 1994 400 2016 res
428 1982 654 2029 significatur,
691 1989 747 2016 aut
778 1982 906 2029 plures,
942 1987 976 2015 ut
1002 1982 1285 2028 significationem
1314 1982 1458 2016 habeant
1482 1982 1699 2017 collectivam.
1757 1980 1812 2015 Ad
1844 1980 1949 2025 illum,
1977 1992 2075 2027 quem

252 2039 392 2088 primum
419 2040 665 2087 spectabimus,
698 2039 837 2087 primum
863 2039 1011 2087 pertinet
1044 2039 1140 2074 locus
1168 2038 1311 2075 Catonis
1338 2034 1442 2074 de're
1469 2045 1549 2075 rust.
1577 2051 1605 2075 c.
1632 2042 1673 2074 4:
1711 2039 1753 2073 si
1775 2039 1860 2084 quid
1885 2039 1992 2082 (bona
2016 2049 2075 2072 ea-

252 2098 341 2140 lute)
376 2108 479 2131 usus
511 2100 665 2140 venerit,
702 2098 848 2141 benigne
881 2098 1072 2140 defendat,
1105 2096 1227 2131 deinde
1262 2096 1363 2131 Ennii
1396 2095 1483 2144 apud
1515 2096 1543 2130 F
1547 2095 1672 2142 ulgent.
1705 2094 1865 2139 (Gruter.
1892 2095 1935 2130 ad
1960 2094 2072 2131 Plaut.

254 2152 337 2190 Cas.
365 2152 427 2197 Ill,
453 2155 489 2198 5,
518 2154 594 2199 15):
622 2154 722 2189 Haec
747 2166 835 2188 anus
859 2166 896 2188 se
920 2156 1092 2189 sauciavit
1117 2156 1244 2199 flore
1281 2154 1448 2199 Liberi,
1485 2158 1518 2188 ut
1549 2153 1694 2199 loquitur
1718 2152 1819 2187 etiam
1844 2152 1958 2188 Plaut.
1986 2151 2074 2189 cist.

253 2212 282 2256 1,
307 2213 344 2255 2,
368 2214 404 2255 8,
430 2216 497 2244 tum
523 2211 677 2257 permulti
703 2211 770 2245 loci
795 2210 966 2254 Plautini,
1001 2223 1085 2258 quos
1121 2211 1173 2245 vel
1206 2212 1280 2259 ipse
1306 2223 1381 2245 mea
1406 2211 1549 2245 lectione
1575 2210 1700 2257 collegi
1724 2209 1777 2243 vel
1802 2209 1910 2244 Pan-ei
1937 2210 2073 2245 lexicon

252 2269 441 2304 Plautinum
475 2267 554 2303 mihi
589 2268 801 2303 ministravit.
860 2265 1019 2303 Ceterum
1051 2263 1138 2304 idem
1164 2269 1253 2303 ¹usus
1287 2274 1341 2303 est
1366 2267 1451 2317 apud
1477 2266 1644 2313 Graecos,
1671 2266 1712 2302 de
1738 2267 1858 2314 quibus
1886 2266 1963 2302 vide
1988 2280 2073 2315 quae

251 2325 455 2373 Bernhardy
481 2325 620 2373 collegit
643 2326 677 2360 in
704 2331 792 2373 synt.
819 2338 935 2374 graec.
963 2338 993 2374 p.
1019 2328 1078 2363 46.
1106 2338 1155 2373 sq.
1206 2326 1357 2361 Plurima
1382 2331 1491 2360 autem
1518 2325 1747 2369 substantiva,
1782 2336 1868 2372 quae
1903 2325 1967 2360 huc
1994 2337 2073 2374 per-

251 2385 373 2429 tinent,
399 2389 455 2419 ant
480 2384 513 2419 in
540 2384 820 2433 vituperationem
846 2389 903 2419 aut
935 2384 969 2419 in
1002 2383 1130 2419 laudem
1157 2383 1322 2420 dicuntur.
1372 2382 1480 2419 Merc.
1508 2383 1536 2428 1,
1563 2385 1595 2424 l,
1621 2384 1687 2418 59:
1729 2383 1986 2419 convicium
2019 2390 2073 2418 tot

252 2454 306 2476 me
329 2453 440 2477 annos
464 2444 534 2477 iam
565 2454 602 2477 ee
624 2453 785 2488 pascere,
818 2441 859 2477 de
892 2442 1038 2478 homine.
1066 2469 1069 2476 ,
1095 2440 1202 2479 Most.
1229 2441 1258 2487 1,
1287 2444 1320 2486 l,
1344 2442 1384 2475 3:
1427 2442 1623 2487 Egredere,
1656 2442 1789 2476 erilis
1818 2444 2074 2488 pernicies,

250 2512 294 2535 ex
319 2501 474 2543 aedibus,
500 2500 554 2535 cui
579 2498 777 2548 respondet,
804 2499 892 2546 quod
910 2499 1039 2534 Bernh.
1064 2499 1086 2534 l.
1111 2499 1133 2534 l.
1159 2512 1191 2548 p.
1209 2501 1265 2534 47.
1292 2511 1335 2534 ex
1361 2497 1504 2533 Graecis
1531 2497 1645 2542 affert,
1681 2492 1906 2546 ὄλεθρος.
1941 2498 2071 2534 Pseud.

253 2556 283 2601 l,
308 2558 344 2601 3,
372 2557 450 2591 130.
477 2557 561 2592 haec
586 2562 663 2593 sunt
687 2556 863 2592 maledicta
889 2557 923 2591 in
949 2557 1125 2592 lenonem:
1156 2559 1326 2604 pernicies
1358 2557 1630 2591 adulescentum.
1664 2575 1707 2581 ——
1732 2557 1843 2601 fraus
1864 2558 1998 2604 populi.
2026 2575 2071 2581 —

251 2626 405 2649 coenum.
456 2612 582 2650 Bacch.
609 2614 654 2660 V,
681 2619 714 2660 l,
739 2617 781 2649 9³
809 2615 845 2650 Is
868 2628 923 2649 me
947 2617 1099 2650 scelus
1124 2627 1209 2649 auro
1234 2625 1340 2658 usque
1364 2614 1531 2648 attondit.
1583 2613 1707 2661 Amph.
1734 2612 1783 2658 11,
1810 2616 1844 2659 1,
1869 2616 1911 2648 7:
1938 2614 2004 2648 tibi
2028 2632 2072 2639 —
