2317 3047
310 306 380 342 Sed
404 312 615 343 transeamus
640 306 682 342 ad
706 306 740 342 id
765 313 875 355 genus
900 308 1143 357 appositionis,
1169 306 1257 355 quod
1273 318 1376 357 supra
1393 308 1617 357 appositionis
1636 307 1847 357 syntacticae
1864 302 1942 343 κατ’
1970 304 2026 351 ἐξ·

215 362 305 411 οχὴν
330 365 463 400 nomine
489 364 745 402 declaravimus.
805 363 880 408 Quo
915 370 1070 414 spectant
1101 365 1189 400 haud
1220 376 1326 413 pauca
1359 364 1515 413 exempla
1547 366 1650 413 prisci
1676 364 1836 402 Catonis.
1883 365 1944 401 Sic
1970 377 2023 401 or.

213 433 275 469 pro
299 420 410 456 Rhod.
436 434 489 471 ap.
522 422 701 469 Meyerum
733 426 819 457 orat.
851 421 950 457 Rom.
985 422 1108 470 fragm.
1142 434 1176 470 p.
1211 422 1298 456 1⁰5:
1330 424 1455 457 millo
1486 424 1627 456 minue
1656 424 1839 458 dbmdo'nn
1861 425 2028 467 familiae

212 480 344 513 mulcta
374 485 469 524 esto,
502 478 543 513 ad
569 490 600 525 q.
627 477 648 512 l.
672 477 836 526 Meyerus
861 490 894 527 p.
920 481 1006 514 107:
1042 480 1166 525 „mille
1188 477 1313 524 nanus]
1352 478 1401 513 sic
1426 477 1522 514 codd.
1548 478 1713 527 probante
1736 479 1939 525 Huschkio,
1971 479 2027 527 qui

214 535 324 581 expl.:
349 538 443 572 mille
464 536 545 582 (int.
566 534 609 571 H.
636 533 711 581 S.],
736 535 910 572 dummodo
934 536 1043 571 minus
1068 535 1102 571 id
1128 536 1174 571 sit
1197 547 1294 584 quam
1319 536 1439 582 (quam
1463 534 1646 581 omittitur)
1671 534 1836 572 dimidium
1860 537 2027 573 bonorum

213 593 325 628 eius.“
374 593 419 629 Η.
445 593 468 629 l.
493 593 598 640 igitur
622 595 735 628 minus
759 598 813 628 est
837 593 1005 641 appositio
1031 594 1128 629 vocis
1153 594 1269 636 nuilla,
1308 591 1369 628 sed
1393 592 1493 641 paulo
1519 593 1655 629 brevius
1680 591 1822 640 ideoque
1845 594 2026 630 obscurius

213 662 231 685 a
259 649 392 688 Catone
418 650 502 686 haec
532 649 621 685 elata
653 654 741 686 sunt.
791 649 925 699 Origin.
950 650 973 686 l.
1002 649 1049 696 11,
1074 650 1199 698 fragm.
1224 652 1259 688 2.
1285 649 1340 686 ed.
1367 648 1522 687 Bolhuis.
1554 662 1585 699 p.
1617 652 1688 686 2⁶:
1719 650 1861 686 Παεω
1891 653 2028 688 houton

212 710 338 744 occidit
352 710 452 753 prius
466 720 568 754 quam
588 709 769 754 Pelignus:
792 714 983 753 propterea
1007 709 1265 743 Marrucini
1284 714 1464 749 mmm,
1489 708 1535 742 de
1550 708 1668 744 Marco
1689 709 1924 745 detona-
1944 720 2025 745 no-

211 778 312 802 men.
363 764 406 800 R.
430 764 475 800 R.
500 777 531 802 c.
555 767 612 800 9³.
638 764 822 808 (laudatum
847 768 888 800 ab
913 764 1106 811 Hartungio
1132 765 1173 800 de
1198 766 1335 804 casibus
1360 777 1393 814 p.
1418 766 1506 809 67):
1539 771 1663 809 putea
1685 777 1911 801 amurca·
1932 778 2025 802 cnut

212 834 327 869 aqua
350 824 565 857 commisceto
589 835 760 869 aequae
782 828 963 868 partes,
989 823 1045 857 ubi
1069 834 1101 858 v.
1120 834 1251 869 aequas
1263 828 1385 868 partes
1409 821 1837 871 appositionem'effieimt
1859 834 1897 861 v·
1911 834 2024 859 mur-

211 893 287 915 cam
311 886 348 915 et
372 892 509 926 aquam,
534 891 597 929 pro
624 892 687 927 quo
713 892 790 915 cum
815 893 908 927 aqua
924 892 945 915 a
963 880 1131 929 scriptore
1150 880 1273 916 dictum
1290 885 1354 916 est.
1382 878 1423 916 C.
1439 881 1482 915 8:
1511 880 1585 914 Sub
1599 881 1683 916 arbe
1703 881 1885 916 hortun
1907 892 2025 916 onae

208 949 368 983 genae,
401 943 726 972 coronamenta
761 949 886 972 omne
916 949 1074 983 genus,
1106 938 1225 972 bulbos
1247 939 1439 984 'negativos
1468 937 1605 972 —baec
1633 939 1743 980 facito
1770 939 1830 973 uto·
1850 943 2024 973 mmm.

210 993 404 1041 Eodemque
420 993 518 1030 modo
545 1006 576 1029 v.
597 1004 718 1040 genus
733 1005 805 1028 cum
830 994 972 1029 notione
998 994 1166 1042 singulari
1189 992 1231 1029 ἐκ
1256 990 1499 1041 παραλλήλου
1522 995 1669 1042 positum
1693 999 1747 1029 est
1770 995 1806 1029 in
1829 994 1887 1030 his
1912 1005 2025 1030 exem·

210 1051 295 1100 plis:
322 1063 351 1086 c.
376 1053 440 1087 42:
480 1052 603 1095 Quod
633 1063 776 1097 genus
800 1057 863 1087 aut
880 1053 1027 1096 ficum
1050 1057 1115 1086 aut
1139 1053 1286 1086 oleam
1310 1062 1385 1086 em
1407 1052 1513 1093 voles,
1537 1052 1622 1086 inde
1644 1051 1767 1086 mum
1787 1053 1928 1096 mepta
1951 1053 2025 1086 an·-

210 1111 305 1144 mn‘to.
354 1106 395 1144 C.
418 1109 484 1143 4o:
509 1113 634 1152 postea
657 1110 776 1153 capito
795 1108 861 1143 tibi
881 1109 1130 1152 surculum,
1162 1109 1278 1155 quod
1306 1119 1448 1155 genus
1471 1109 1624 1144 &aaron
1645 1109 1749 1144 volu.
1796 1106 1840 1145 C.
1865 1109 1931 1143 41:
1962 1108 2025 1143 T·-

210 1168 311 1201 ταῦτα
334 1169 440 1201 vitem
464 1178 566 1212 quam
590 1168 731 1207 meres,
754 1167 971 1210 pertundito,
997 1178 1038 1201 eo
1061 1167 1170 1201 duos
1192 1167 1406 1201 surculos
1428 1168 1706 1212 vitigis-eon,
1739 1167 1855 1213 quod
1883 1177 2026 1212 genus

212 1235 286 1260 esse
308 1225 413 1267 voles,
437 1224 639 1259 insector
662 1223 869 1270 obliquos
892 1225 1003 1259 artico
1027 1224 1075 1259 ad
1098 1223 1299 1260 medullam.
1325 1220 1367 1259 C.
1390 1224 1457 1259 42:
1482 1224 1637 1259 alem
1649 1224 1772 1259 librum
1794 1234 2026 1270 cmgenmw

211 1284 256 1317 de
280 1294 329 1317 eo
350 1284 461 1326 fleo,
486 1282 599 1327 quod
620 1293 762 1326 genus
792 1293 867 1316 enee
889 1283 1000 1324 voles,
1036 1282 1181 1316 eximito
1204 1280 1311 1328 (quod
1341 1291 1409 1316 non
1439 1280 1564 1316 dietum
1597 1286 1651 1316 est
1681 1293 1760 1330 pro:
1791 1282 1885 1328 quod
1914 1291 2026 1327 genus

213 1342 298 1381 eius,
324 1337 385 1374 sed
410 1342 550 1385 utraque
573 1337 668 1373 notio
695 1349 738 1373 ex
763 1349 870 1386 aequo
895 1338 1008 1387 posita
1032 1339 1117 1382 est).
1166 1336 1208 1374 C.
1231 1340 1296 1373 11:
1322 1349 1456 1373 summa
1479 1340 1633 1374 homines
1647 1339 1746 1384 11⁷1,
1769 1350 1832 1387 pro
1858 1350 1925 1386 quo
1951 1350 2026 1387 cap.

213 1400 271 1433 Ῑθ.
297 1395 420 1431 dictum
444 1400 517 1431 est:
549 1407 683 1430 summa
706 1396 881 1431 hominum
904 1396 1006 1431 XIII.
1054 1395 1125 1432 Sed
1150 1395 1234 1431 haec
1256 1400 1368 1430 tamen
1392 1407 1460 1431 non
1487 1401 1541 1432 est
1564 1396 1703 1445 proprie
1726 1396 1916 1445 appositio,
1946 1407 2023 1431 uam

210 1454 348 1489 verbum
375 1452 618 1489 substantivum
644 1464 718 1488 esce
742 1453 902 1488 omissum
919 1452 1135 1501 cogitandum
1151 1459 1225 1496 est3
1251 1451 1313 1487 sed
1337 1457 1521 1501 propterea
1543 1453 1607 1488 hoc
1632 1453 1814 1502 exemplum
1830 1453 1864 1488 h.
1883 1452 1906 1488 l.
1930 1464 2022 1488 com-

161 1526 164 1531 ·
209 1510 484 1555 memoravimus,
518 1508 608 1557 quod
639 1509 798 1545 notiones
824 1509 1003 1556 diversae,
1036 1509 1210 1559 generalis
1242 1520 1378 1545 summa
1411 1516 1446 1545 et
1479 1510 1664 1558 singularis
1695 1511 1843 1546 Ιιωκίηεε
1867 1510 1957 1545 inter
1983 1521 2022 1545 se

208 1569 406 1605 coniunctae
431 1572 465 1602 et
488 1578 532 1602 ex
558 1578 664 1614 aequo
689 1567 822 1615 positae
841 1572 929 1603 sunt.
977 1566 1111 1602 Ennius
1129 1566 1239 1602 annal.
1265 1565 1295 1612 1,
1311 1578 1343 1602 v.
1363 1567 1450 1601 115:
1477 1567 1774 1615 Septingenti
1794 1573 1877 1603 aaut
1896 1569 2024 1614 paullo

205 1629 310 1674 plue
331 1626 387 1661 vel
410 1626 552 1660 minua
576 1626 691 1659 anni.
740 1623 805 1659 Hic
831 1624 999 1673 appositio
1014 1626 1098 1671 plus
1111 1626 1167 1660 vel
1180 1627 1292 1660 mium
1314 1624 1561 1660 correctionem
1587 1625 1681 1673 quasi
1705 1624 1810 1660 efficit
1833 1625 1908 1660 eius
1933 1623 2023 1672 quod

209 1683 363 1727 dixerat,
394 1684 609 1727 septingenti
632 1684 733 1723 anni,
766 1681 827 1716 sed
852 1693 896 1716 ex
921 1693 1028 1729 aequo
1055 1688 1165 1716 tamen
1191 1682 1306 1716 ambae
1331 1681 1491 1716 notiones
1516 1683 1650 1730 positae
1674 1686 1770 1725 sunt,
1804 1682 1903 1729 quasi
1932 1681 2022 1717 idem

209 1739 453 1789 significarent.
509 1737 550 1774 Iu
580 1737 684 1774 Ennii
718 1738 859 1774 incertis
892 1738 927 1774 in
959 1737 1121 1774 addendis
1153 1738 1275 1787 fragm.
1300 1742 1389 1787 trag.
1414 1750 1467 1788 ap.
1493 1738 1646 1775 Bothium
1671 1742 1705 1775 4.
1732 1745 1804 1775 est:
1838 1740 2022 1780 Perdant?

208 1801 323 1834 animo
345 1799 510 1839 vinum,
543 1798 669 1838 deus,
702 1799 763 1841 qm*
782 1799 894 1831 multo
918 1803 973 1831 est
996 1799 1176 1831 maximus.
1230 1794 1374 1831 Catonis
1399 1796 1476 1831 loco
1502 1809 1603 1844 supra
1627 1796 1727 1831 allato
1752 1796 1816 1837 (R.
1842 1796 1888 1831 R.
1912 1808 1944 1832 e.
1967 1799 2022 1840 8.)

208 1854 328 1892 similis
353 1857 408 1891 est
431 1852 545 1889 Plauti
568 1851 674 1889 Most.
698 1852 728 1898 1,
756 1855 789 1899 1,
818 1854 881 1889 18:
911 1854 1146 1901 oia—paucas
1170 1859 1396 1900 tempestates
1422 1874 1465 1880 —
1491 1854 1643 1901 Augebn's
1665 1855 1743 1890 rem·
1769 1866 2020 1898 numerum,

206 1924 345 1959 genus
365 1913 609 1955 fer-rutile,
642 1910 684 1945 ad
709 1922 739 1957 q.
764 1910 786 1944 l.
815 1910 932 1946 Grut.:
967 1923 1104 1958 „gemm
1124 1913 1296 1956 ferratae
1328 1916 1381 1945 est
1413 1901 1590 1959 explicatio
1614 1910 1807 1957 indicatque
1832 1911 1887 1945 cui
1911 1911 2019 1946 homi-

206 1980 283 2005 num
307 1979 445 2004 numero
472 1968 517 2004 sit
541 1979 744 2003 accessurus
772 1966 947 2006 Tranio.“
998 1966 1081 2005 Cas.
1109 1967 1157 2014 11,
1181 1970 1217 2013 8,
1244 1970 1308 2003 11:
1345 1970 1523 2015 mastigia,
1547 1970 1765 2004 otinmlorum
1788 1969 1919 2011 loculi„
1933 1968 2020 2016 quod

207 2025 395 2073 exemplum
421 2024 524 2059 affert
547 2024 751 2072 Bernhardy
776 2037 806 2072 p.
831 2027 891 2069 55,
917 2025 1030 2060 adnot.
1056 2027 1115 2061 94.

301 2081 341 2118 Si
366 2081 431 2118 duo
458 2081 671 2117 substantiva
694 2082 742 2117 ita
768 2086 845 2117 sunt
870 2082 960 2118 inter
984 2093 1023 2118 se
1049 2082 1239 2127 coniuncta,
1265 2087 1302 2118 ut
1325 2082 1465 2118 alterum
1489 2081 1640 2130 genitivo
1667 2080 1711 2116 sit
1735 2092 1953 2130 expressum,
1978 2081 2021 2118 ad

207 2140 295 2189 quod
320 2150 430 2188 genus
454 2150 543 2174 nuuc
567 2134 641 2175 nos'
658 2140 907 2185 convertimus,
941 2140 1061 2175 iterum
1087 2139 1210 2188 duplici
1234 2140 1332 2176 modo
1358 2140 1421 2176 hoc
1445 2140 1520 2174 fieri
1548 2143 1681 2187 potest,
1713 2138 1856 2186 primum
1881 2144 1917 2174 ut
1939 2139 2020 2175 illud

208 2197 451 2234 substantivum
475 2196 522 2231 sit
543 2197 754 2245 potissimum
781 2198 984 2245 maximique
1008 2196 1178 2242 momenti,
1205 2197 1300 2232 cuius
1325 2198 1418 2233 notio
1443 2196 1584 2231 maxime
1608 2195 1783 2245 premitur,
1810 2195 1900 2243 quod
1919 2197 2019 2245 geni-

207 2256 277 2290 tivo
302 2258 357 2290 est
380 2253 583 2302 appositum,
608 2258 665 2289 aut
688 2254 748 2300 ita,
774 2260 810 2289 ut
834 2254 1019 2304 singularis
1045 2254 1194 2289 notionis
1220 2254 1463 2290 substantivum
1485 2252 1636 2301 genitivo
1655 2252 1700 2287 sit
1715 2262 1931 2302 expressum,
1957 2265 2018 2303 ge·

207 2311 334 2348 neralis
360 2311 425 2347 alio
451 2321 546 2357 casu,
571 2311 607 2346 in
632 2324 697 2359 qua
721 2313 956 2348 coniunctione
980 2311 1060 2347 illud
1084 2311 1225 2347 minoris
1249 2312 1406 2347 momenti
1430 2316 1485 2346 est
1507 2322 1601 2357 quam
1624 2309 1779 2356 alterum,
1804 2311 1899 2347 cuius
1925 2311 2018 2347 notio

205 2369 315 2417 magis
339 2369 511 2418 premitur.
559 2370 597 2403 In
621 2368 684 2403 hac
709 2369 816 2404 altera
840 2370 974 2405 ratione
999 2381 1096 2404 uuum
1123 2375 1158 2403 et
1180 2373 1284 2404 totum
1308 2380 1370 2417 per
1393 2375 1563 2415 utrumque
1585 2367 1833 2404 substantivum
1857 2369 2016 2418 exprimi-

208 2432 276 2472 tur,
300 2426 349 2461 ita
373 2430 409 2462 ut
431 2426 525 2472 illud,
551 2425 637 2461 uude
662 2427 834 2475 genitivus
859 2427 995 2476 pendet,
1031 2427 1067 2462 in
1092 2426 1291 2462 adiectivum
1314 2427 1430 2475 possis
1455 2432 1594 2460 mutare.
1642 2424 1697 2460 De
1728 2426 1852 2475 priore
1882 2427 2018 2463 ratione

208 2483 296 2533 apud
320 2482 476 2525 Graecos
501 2484 574 2533 egit
596 2483 801 2532 Bernhardy
824 2484 847 2521 l.
873 2484 897 2520 l.
924 2497 956 2534 p.
979 2486 1038 2520 51.
1064 2497 1151 2533 sqq,
1184 2484 1225 2519 de
1250 2484 1358 2519 altera
1380 2496 1412 2532 p.
1435 2484 1493 2518 53.
1518 2494 1568 2529 sq.
1618 2482 1804 2530 Utrobique
1829 2488 1939 2520 autem
1963 2490 2019 2520 est

207 2540 400 2589 genitivus,
431 2545 469 2575 ut
493 2553 647 2591 semper,
680 2540 952 2590 quemadmodum
976 2547 1098 2591 postea
1122 2540 1326 2586 videbimus,
1360 2551 1459 2575 casus
1486 2539 1720 2582 attributivus,
1757 2541 1958 2589 utrobique,
1984 2542 2014 2578 si

207 2598 458 2645 grammaticam
484 2603 618 2646 spectes
643 2611 707 2635 nec
732 2599 902 2635 notionem
926 2600 1072 2647 logicam
1097 2600 1234 2645 eiusque
1258 2603 1409 2633 naturam
1434 2602 1469 2631 et
1493 2597 1649 2634 ambitum
1673 2598 1729 2645 qui
1753 2597 1831 2634 iude
1856 2598 2014 2645 efficitur,
