2317 3047
1121 155 1154 192 4

220 270 426 313 seelestam,
449 273 576 314 metus,
601 272 759 316 linguam
784 272 969 306 abscidam
1022 270 1100 307 Mil.
1125 270 1191 316 ΙΙΙ,
1220 272 1255 316 2,
1285 272 1348 305 14:
1383 272 1462 306 Non
1487 277 1524 306 te
1548 276 1640 308 istuc
1664 277 1791 321 rogito,
1816 277 1976 310 scelus.
2002 275 2048 310 ib.

218 340 251 364 v.
276 328 336 364 27.
369 326 500 364 Pseud.
525 326 571 374 V,
596 328 632 373 2,
660 329 716 363 w.
751 326 854 364 Pers.
878 324 942 373 lv,
968 328 1006 373 4,
1034 329 1115 366 114.
1142 330 1184 375 11,
1209 330 1245 374 2,
1270 329 1328 364 85.
1354 330 1391 373 4,
1418 329 1475 364 10.
1504 328 1571 376 iv,
1596 333 1632 377 9,
1657 333 1691 368 6.
1725 331 1815 370 Rud.
1841 331 1903 378 lv,
1927 333 1964 379 8,
1988 333 2047 368 54.

217 385 346 420 Bacch.
372 384 416 422 V.
441 387 477 431 2,
501 388 560 421 71.
592 384 743 421 Ritschl.
768 387 843 421 (⁶7.
870 384 993 432 vulg).
1029 405 1077 412 —
1110 387 1210 421 Asin.
1237 384 1280 422 V.
1306 388 1341 430 2,
1368 388 1435 420 771
1478 387 1585 422 Modo
1609 401 1708 434 quom
1734 391 1832 424 dicta
1857 393 1893 425 in
1917 403 1971 425 me
1994 392 2047 424 in-

216 443 382 490 gerebas,
414 443 581 485 odiunt,
618 454 689 479 non
719 453 807 478 υτον
838 453 946 478 eram.
1007 441 1116 478 Truc.
1140 441 1188 488 ΙΙ,
1216 445 1249 487 1,
1277 444 1316 477 l:
1360 443 1421 478 Ha
1445 443 1492 478 Ιια
1516 443 1560 479 he
1583 449 1752 493 requievi,
1787 449 1868 493 quia
1891 449 2046 483 introivit

218 502 387 537 odium.-
410 500 557 535 taudem
570 501 648 535 cola
662 499 792 543 mend)
845 498 955 535 Truc.
976 499 1024 544 11,
1044 502 1080 545 2,
1093 501 1158 535 65:
1188 500 1287 534 Nunc
1300 501 1349 534 ad
1364 512 1460 535 eram
1478 503 1650 538 rcvtdebo.
1675 505 1739 538 sed
1757 516 1873 539 eccum
1896 506 2047 539 odium

212 557 442 603 progreditur
466 560 615 593 meum.
662 554 739 591 Mil.
762 554 828 601 Ill,
854 556 891 601 8,
917 557 985 592 49:
1012 558 1177 603 Populi
1200 558 1349 592 odium
1375 557 1497 603 quidni
1518 562 1681 603 noverim,
1705 561 1951 607 magnidicam,
1976 563 2047 596 cin-

217 617 394 649 cirmatum
411 616 490 649 -θ
513 612 640 649 Bacch,
667 610 732 658 IV,
755 614 793 658 7,
818 614 884 648 22:
923 615 1085 650 Τοῖ’-αι’
1120 615 1268 650 odium
1293 615 1463 664 ambulat,
1489 619 1523 649 et
1550 627 1579 650 v.
1605 617 1672 652 24:
1713 618 1788 653 Tun
1811 624 1969 653 terrae
1991 630 2047 653 me

215 672 364 708 odium
387 682 465 708 om
487 672 680 707 muman?
719 668 811 705 Rud.
836 669 885 716 ll,
910 671 946 716 2,
973 672 1035 706 1³:
1064 672 1218 707 Deorum
1243 673 1389 706 odium
1414 677 1521 717 atque
1545 673 1719 709 hominum
1751 676 1929 719 malum,
1961 676 2050 709 mali

213 729 279 764 otti
294 727 483 776 prolesque
501 729 658 775 pienum.
709 725 813 763 cure.
841 728 866 771 1,
890 728 926 772 3,
952 729 1010 763 84.
1038 741 1105 776 sq.:

485 786 564 821 Ian
586 785 670 820 kuic
701 787 940 832 voluptati
970 785 1227 830 (Phaedromo)
1252 787 1315 822 hoc
1339 788 1621 828 adiunctumst2)
1647 791 1796 825 odium
1822 788 2045 834 (Palinurus.)

1443 844 1520 879 ΡΑ.
1548 846 1642 888 Quid
1666 849 1729 887 ais,
1751 849 2044 893 propudium?

462 899 547 935 Μ’
573 902 683 936 etim
707 911 784 935 cmm
807 902 981 936 noctuinie
1006 901 1114 935 oculis
1138 902 1286 935 odium
1311 914 1365 936 me
1389 913 1491 936 vocae
1515 904 1593 936 —2

211 957 316 993 Asin.
344 957 392 1003 11,
415 958 450 1002 2,
475 957 544 992 82:
588 969 609 992 o
633 959 866 1004 virgarum
900 959 1125 993 lascivia!
1157 957 1244 1005 quod
1279 957 1400 993 Lamb.
1426 964 1520 994 recte
1546 959 1710 1008 explicat:
1745 960 1779 995 in
1813 961 1906 996 cuius
1943 966 2042 1008 tergo

212 1014 375 1051 lascivire
399 1018 433 1051 et
456 1013 634 1051 exsultare
661 1013 772 1050 solent
796 1014 929 1063 virgae.
979 1013 1035 1050 Ex
1057 1014 1222 1063 exemplis
1242 1027 1347 1063 usque
1364 1015 1472 1051 adhuc
1498 1016 1609 1052 allatis
1635 1022 1729 1066 patet
1753 1018 1866 1063 etiam,
1892 1029 2042 1053 nonnun-

213 1084 311 1121 quam
336 1073 445 1108 activa
470 1072 687 1108 substantiva
708 1070 781 1117 issa,
805 1083 1042 1119 nonnunquam
1065 1072 1206 1120 passiva
1221 1072 1475 1120 significatione
1493 1074 1664 1120 usurpari.
1714 1074 1774 1110 Sic
1790 1077 1903 1111 scelus
1922 1075 2041 1117 activa,

211 1131 247 1166 in
273 1141 339 1178 quo
365 1130 455 1165 inest
480 1128 611 1176 scelus,
637 1129 693 1176 qui
716 1129 892 1164 committit
907 1130 1004 1177 quasi
1023 1129 1178 1173 sceiera3
1204 1131 1350 1165 odium
1376 1136 1485 1165 autem
1504 1131 1657 1179 passiva,
1685 1133 1740 1178 qui
1759 1131 1837 1167 odio
1854 1137 1919 1176 est,
1946 1144 2041 1179 quem

213 1187 360 1224 oderunt
382 1185 550 1222 homines.
602 1185 663 1222 Sic
690 1186 789 1232 etiam
813 1188 993 1234 virgarum
1017 1188 1173 1229 lascivia,
1200 1186 1255 1234 qui
1281 1186 1407 1236 patitur
1436 1186 1610 1223 lasciviam
1633 1188 1818 1237 virgarum.
1866 1189 1947 1224 Item
1961 1200 2040 1238 pas-

212 1246 288 1282 siva
313 1244 566 1293 significatione
591 1245 710 1280 odium
734 1249 788 1280 est
811 1244 913 1280 Asin.
932 1243 979 1290 V,
1004 1246 1039 1288 2,
1064 1245 1122 1280 71.
1148 1256 1209 1293 pro
1237 1243 1368 1280 odiosis
1394 1244 1494 1281 dictis
1520 1250 1555 1280 et
1579 1245 1699 1281 factis:
1742 1248 1804 1281 Pol
1827 1259 1882 1281 me
1906 1247 2042 1292 quidem

210 1304 379 1339 Miseran-
402 1302 457 1337 od
464 1303 507 1337 io
532 1303 695 1344 micavit,
721 1306 756 1336 et
778 1300 825 1347 11,
850 1304 888 1347 4,
913 1302 971 1337 4⁰.
998 1313 1060 1350 pro
1087 1302 1209 1337 odiosa
1234 1304 1514 1348 importunitate.
1564 1302 1721 1338 Activam
1741 1307 1851 1338 antem
1869 1302 2040 1351 significa-

210 1361 336 1397 tionem
362 1359 463 1395 habet
488 1360 607 1395 odium
631 1358 741 1395 Poen.
765 1358 795 1404 1,
820 1360 857 1404 2,
885 1359 964 1399 189,
992 1374 1037 1389 =
1064 1359 1119 1406 qui
1146 1358 1218 1394 odit
1242 1358 1398 1394 alterum.
1424 1379 1468 1386 —
1503 1359 1611 1395 Truc.
1641 1359 1704 1405 lv,
1728 1362 1764 1405 2,
1789 1362 1848 1396 46.
1873 1361 2042 1395 inlecebra

211 1417 253 1454 de
278 1417 468 1453 meretrice.
519 1415 662 1464 Fragm.
687 1428 720 1465 p.
744 1417 827 1461 485,
853 1429 887 1453 v.
914 1418 970 1452 19.
996 1414 1124 1452 Gron.:
1158 1417 1238 1451 Non
1272 1429 1338 1462 ego
1363 1423 1400 1452 te
1424 1420 1514 1460 novi,
1548 1419 1686 1453 novalis
1707 1419 1831 1462 scribo,
1868 1418 2041 1453 columber

209 1476 418 1522 impudens?
450 1473 531 1510 Aul.
556 1472 620 1519 ΙΙΙ,
644 1474 680 1516 5,
704 1474 771 1509 48:
806 1476 884 1509 Aut
909 1476 1029 1520 aliqua
1061 1475 1180 1509 mala
1206 1486 1314 1508 crua-
1345 1486 1480 1521 semper
1504 1481 1569 1517 est,
1596 1487 1686 1521 quae
1710 1476 1846 1521 aliquid
1865 1480 1969 1521 petat
1994 1490 2039 1505 =

210 1533 266 1580 qui
297 1532 436 1569 cruciat.
463 1533 517 1577 (v.
544 1530 691 1566 Taubm.
719 1530 760 1566 ad
785 1530 881 1568 Men.
907 1530 994 1580 prol.
1021 1543 1053 1566 v.
1078 1531 1173 1575 66.)
1233 1530 1314 1566 Alia
1340 1531 1591 1579 significatione
1617 1536 1671 1567 est
1696 1544 1781 1567 crus
1805 1530 1907 1567 Pers.
1932 1530 1977 1576 V,
2002 1533 2038 1576 2,

209 1593 269 1636 17,
295 1591 341 1627 id.
369 1602 400 1637 q.
427 1601 527 1624 cruce
552 1590 702 1635 dn‘gmoe:
738 1589 831 1632 Quid
854 1591 921 1633 ais,
947 1600 1075 1629 crus,
1108 1590 1329 1623 stimulorum
1355 1591 1485 1623 tritor?
1518 1589 1573 1623 ubi
1598 1588 1733 1623 Pareus
1759 1589 1793 1623 in
1817 1587 1927 1622 lexico
1954 1588 2038 1623 male

209 1647 440 1696 coniungebat
455 1648 675 1682 stimulorum
690 1656 762 1679 cum
781 1657 877 1680 crus.
928 1644 1006 1680 Non
1032 1644 1095 1679 huc
1120 1645 1268 1693 pertinet
1292 1645 1387 1680 locus
1414 1644 1540 1680 Bacch.
1562 1643 1625 1689 lv,
1640 1646 1676 1689 2,
1702 1647 1744 1679 2:
1771 1656 1860 1690 quae
1884 1650 1921 1678 te
1944 1646 2038 1680 mala

207 1720 251 1743 cr
262 1718 317 1741 ua·
342 1706 462 1751 agitat
475 1723 518 1728 —
533 1705 552 1737 ,²
577 1702 633 1738 ubi
660 1714 745 1737 crux
769 1701 857 1737 idem
887 1714 926 1737 ae
942 1703 1052 1737 Furia
1069 1701 1253 1749 significat,
1276 1706 1311 1736 ut
1327 1701 1462 1737 Pax-eus
1481 1701 1571 1751 expl.
1587 1723 1630 1729 —
1658 1698 1845 1746 Pensm,
1861 1702 1898 1746 3,
1913 1703 1947 1736 2.
1965 1714 2035 1749 sq.:

492 1781 522 1787 —
548 1761 628 1796 Eho
653 1762 798 1795 lutum
823 1761 1076 1804 lenonium,

481 1819 769 1853 Gommictum
793 1829 993 1859 coenum,
1018 1818 1358 1862 sterculinuw)
1381 1818 1567 1864 publicum.

205 1895 239 1919 v.
264 1884 298 1917 4.
325 1878 413 1914 idem
438 1876 515 1912 leno
541 1874 663 1910 dicitur
688 1875 785 1911 labes
805 1876 914 1921 popli,
940 1886 973 1911 v.
1001 1876 1055 1910 10.
1083 1874 1201 1909 iterum
1228 1876 1353 1910 lutum.
1413 1873 1617 1923 Respondet
1650 1872 1727 1909 leno
1762 1871 1893 1908 Toxilo
1921 1886 1951 1909 v.
1983 1876 2035 1911 18.

207 1951 301 1987 ηιμ
329 1955 374 1963 --
400 1935 579 1969 stabulum
602 1923 842 1973 tornaricium,
868 1952 913 1958 —
939 1933 1130 1967 cubiculum
1146 1933 1271 1977 flagri,
1287 1952 1332 1958 —
1354 1934 1583 1978 pistrinorum
1608 1933 1743 1966 civitas·
1793 1929 1901 1966 Truc.
1928 1930 1973 1976 11,
1999 1935 2035 1977 6,

203 1999 262 2033 20.
290 1995 324 2030 in
350 2003 454 2028 versu
480 1989 739 2039 corruptissimo
766 1993 820 2025 est
853 2001 923 2026 sec.
951 1987 1218 2025 emendationem
1244 1988 1363 2025 Bothii
1389 1994 1423 2025 et
1454 1988 1682 2038 Kampmanni
1715 1986 1757 2022 de
1784 1988 1864 2023 AB.
1898 1999 1931 2035 p.
1955 1991 2032 2026 24.:

206 2054 299 2099 Quid
323 2052 372 2087 ad
395 2051 459 2084 ltoc
483 2060 570 2094 egeo
595 2052 644 2091 te,
670 2049 849 2089 malum,
874 2048 1129 2082 admonitrice?
1152 2046 1260 2084 Most.
1277 2046 1307 2092 Ι,
1332 2050 1363 2092 l,
1379 2048 1444 2082 89:
1469 2058 1640 2093 germana
1665 2047 1802 2080 illuvies
1826 2043 1867 2079 de
1890 2045 2034 2083 homine.

203 2111 312 2148 Most.
335 2107 383 2153 V,
407 2108 445 2152 2,
469 2106 528 2140 45.
553 2107 681 2149 lutum,
706 2105 787 2140 item
812 2103 887 2139 Mil.
915 2103 963 2149 11,
988 2106 1024 2149 3,
1048 2105 1107 2139 54.
1136 2102 1218 2139 Cas.
1244 2103 1308 2149 111,
1334 2106 1370 2150 4,
1396 2106 1436 2139 2:
1477 2105 1546 2147 Qua·
1568 2116 1623 2138 me
1646 2108 1755 2150 atque
1777 2114 1918 2137 uxorem
1942 2105 2033 2139 ludi-

285 2197 312 2231 ¹)
334 2195 384 2223 Sic
404 2193 569 2226 Goellerus,
591 2200 675 2227 quem
696 2191 770 2225 vide,
792 2191 844 2219 nisi
865 2191 942 2226 quod
962 2190 1076 2226 antip-it
1094 2191 1204 2218 introit.
1252 2191 1335 2227 Vulg.
1358 2191 1408 2218 Ha
1427 2191 1467 2218 ha
1486 2190 1545 2219 ha!
1571 2190 1665 2218 hercle
1683 2188 1785 2226 qiu’em',
1813 2188 1880 2224 quia
1905 2190 2033 2219 introivit

338 2241 443 2271 odium.
463 2240 583 2269 tandem
603 2239 666 2267 solo
684 2247 755 2267 rum.
796 2237 856 2267 Sed
877 2238 932 2266 iam
962 2237 1120 2266 Palmerins
1141 2237 1262 2267 offendit
1282 2238 1309 2267 in
1335 2247 1359 2266 v.
1381 2238 1473 2267 hercle
1492 2238 1562 2276 (pro
1582 2245 1640 2274 qno
1660 2235 1735 2265 Pau.
1756 2234 1851 2270 ercle),
1872 2236 1949 2272 quod
1969 2246 2031 2266 mu-

337 2291 421 2318 lieres
441 2296 583 2323 nunquam
605 2295 657 2323 per
672 2286 825 2315 Herculem
845 2286 938 2314 iurant
959 2290 988 2313 et
1002 2286 1126 2313 correxit
1141 2295 1242 2315 eccere.
1283 2286 1391 2314 Versus
1405 2291 1503 2314 noster
1518 2290 1563 2314 est
1577 2288 1745 2313 tetrameter
1760 2283 1906 2318 iambicus,
1927 2285 1953 2312 in
1974 2294 2031 2321 quo

339 2341 450 2367 tantum
471 2334 526 2364 hoc
546 2333 678 2369 offendit,
698 2333 776 2370 qnod
797 2333 865 2370 quia
885 2337 930 2361 est
949 2330 1199 2370 μονοσύλλαβον,
1223 2333 1300 2369 quod
1322 2334 1382 2361 fieri
1402 2341 1489 2370 posse
1509 2336 1598 2368 negat
1618 2332 1715 2360 Herm.
1736 2330 1764 2361 in
1783 2337 1903 2359 censura
1923 2331 2030 2362 disser-

337 2385 456 2415 tationis
476 2382 667 2420 Kampmanni
688 2381 725 2410 de
748 2381 802 2409 AB
822 2389 920 2418 praep.
943 2389 995 2409 usu
1015 2380 1122 2415 Piaut„
1142 2390 1218 2417 qnae
1245 2385 1290 2410 est
1319 2381 1346 2409 in
1372 2380 1466 2410 Jahnii
1494 2390 1557 2410 nov.
1578 2379 1673 2409 annai.
1695 2377 1762 2415 phil.
1783 2376 1850 2411 ΧΠ,
1871 2379 1925 2407 voi.
1947 2382 1993 2415 ³5,
2013 2384 2032 2409 2

336 2433 391 2462 sed
410 2431 476 2459 dum
496 2431 596 2459 melior
616 2428 695 2458 huius
714 2436 814 2457 versus
835 2428 999 2456 emendatio
1021 2427 1192 2464 proferatur,
1214 2429 1239 2457 in
1262 2428 1314 2458 hac
1334 2429 1495 2464 acquiesco.

281 2484 314 2520 ¹)
334 2480 420 2517 ang.
442 2478 609 2508 adiunctum
628 2481 678 2506 eut.
718 2476 750 2505 ln
772 2477 820 2513 Ap
840 2480 882 2505 cst
902 2475 1050 2505 omittitur.
1074 2475 1267 2506 adiunctumet
1289 2476 1467 2506 scribendum
1492 2475 1543 2505 suit
1573 2473 1728 2504 secundum
1758 2481 1790 2501 ea
1810 2481 1883 2509 quae
1904 2474 2029 2512 disputat

335 2527 511 2558 Ritscheiins
530 2527 555 2556 in
577 2525 738 2564 prolegom.
759 2524 795 2553 ad
815 2523 894 2552 Trin.
915 2535 941 2562 p.
966 2524 1020 2554 107
1041 2539 1076 2545 --
1100 2526 1161 2553 111.

283 2581 315 2616 ⁸)
335 2576 407 2606 Pau.
429 2574 615 2608 stercilinum,
635 2573 709 2610 vulg.
731 2572 943 2610 sterquilinium.
